@article{Contreras2018,
 title = "{A Network Service Provider Perspective on Network Slicing}",
 author = "Luis M. Contreras and Diego R. Lopez",
 journal = "{IEEE Softwarization}", 
 month = "January",
 year = "2018",
 note = "\url{https://sdn.ieee.org/newsletter/january-2018/a-network-service-provider-perspective-on-network-slicing}"
}

@inproceedings{hindman2011mesos,
  title={Mesos: A platform for fine-grained resource sharing in the data center.},
  author={Hindman, Benjamin and Konwinski, Andy and Zaharia, Matei and Ghodsi, Ali and Joseph, Anthony D and Katz, Randy H and Shenker, Scott and Stoica, Ion},
  booktitle={NSDI},
  volume={11},
  number={2011},
  pages={22--22},
  year={2011}
}

@inproceedings{zaharia2010delay,
  title={Delay scheduling: a simple technique for achieving locality and fairness in cluster scheduling},
  author={Zaharia, Matei and Borthakur, Dhruba and Sen Sarma, Joydeep and Elmeleegy, Khaled and Shenker, Scott and Stoica, Ion},
  booktitle={Proceedings of the 5th European conference on Computer systems},
  pages={265--278},
  year={2010},
  organization={ACM}
}

@inproceedings{isard2009quincy,
  title={Quincy: fair scheduling for distributed computing clusters},
  author={Isard, Michael and Prabhakaran, Vijayan and Currey, Jon and Wieder, Udi and Talwar, Kunal and Goldberg, Andrew},
  booktitle={Proceedings of the ACM SIGOPS 22nd symposium on Operating systems principles},
  pages={261--276},
  year={2009},
  organization={ACM}
}

@inproceedings{ferguson2012jockey,
  title={Jockey: guaranteed job latency in data parallel clusters},
  author={Ferguson, Andrew D and Bodik, Peter and Kandula, Srikanth and Boutin, Eric and Fonseca, Rodrigo},
  booktitle={Proceedings of the 7th ACM european conference on Computer Systems},
  pages={99--112},
  year={2012},
  organization={ACM}
}

@inproceedings{boutin2014apollo,
  title={Apollo: scalable and coordinated scheduling for cloud-scale computing},
  author={Boutin, Eric and Ekanayake, Jaliya and Lin, Wei and Shi, Bing and Zhou, Jingren and Qian, Zhengping and Wu, Ming and Zhou, Lidong},
  booktitle={11th $\{$USENIX$\}$ Symposium on Operating Systems Design and Implementation ($\{$OSDI$\}$ 14)},
  pages={285--300},
  year={2014}
}

@book{pinedo2012scheduling,
  title={Scheduling},
  author={Pinedo, Michael},
  year={2012},
  publisher={Springer}
}

@article{garey1976complexity,
  title={The complexity of flowshop and jobshop scheduling},
  author={Garey, Michael R and Johnson, David S and Sethi, Ravi},
  journal={Mathematics of operations research},
  volume={1},
  number={2},
  pages={117--129},
  year={1976},
  publisher={INFORMS}
}

@inproceedings{ghodsi2011dominant,
  title={Dominant Resource Fairness: Fair Allocation of Multiple Resource Types.},
  author={Ghodsi, Ali and Zaharia, Matei and Hindman, Benjamin and Konwinski, Andy and Shenker, Scott and Stoica, Ion},
  booktitle={Nsdi},
  volume={11},
  number={2011},
  pages={24--24},
  year={2011}
}


@article{satyanarayanan2009case,
  title={The case for vm-based cloudlets in mobile computing},
  author={Satyanarayanan, Mahadev and Bahl, Paramvir and Caceres, Ram{\'o}n and Davies, Nigel},
  journal={IEEE pervasive Computing},
  pages={14--23},
  year={2009},
  publisher={IEEE}
}

@inproceedings{jiang2012tackling,
  title={Tackling bufferbloat in 3G/4G networks},
  author={Jiang, Haiqing and Wang, Yaogong and Lee, Kyunghan and Rhee, Injong},
  booktitle={Proceedings of the 2012 Internet Measurement Conference},
  pages={329--342},
  year={2012},
  organization={ACM}
}

@inproceedings{winstein2013stochastic,
  title={Stochastic forecasts achieve high throughput and low delay over cellular networks},
  author={Winstein, Keith and Sivaraman, Anirudh and Balakrishnan, Hari},
  booktitle={Presented as part of the 10th USENIX Symposium on Networked Systems Design and Implementation (NSDI'13)},
  pages={459--471},
  year={2013}
}

@article{larmo2009lte,
  title={The LTE link-layer design},
  author={Larmo, Anna and Lindstr{\"o}m, Magnus and Meyer, Michael and Pelletier, Ghyslain and Torsner, Johan and Wiemann, Henning},
  journal={IEEE Communications magazine},
  volume={47},
  number={4},
  pages={52--59},
  year={2009},
  publisher={IEEE}
}

@phdthesis{chen2018application,
  title={An Application Platform for Wearable Cognitive Assistance},
  author={Chen, Zhuo},
  year={2018},
  school={Carnegie Mellon University}
}

@inproceedings{chen2017empirical,
 title = "{An Empirical Study of Latency in an Emerging Class of Edge Computing Applications for Wearable Cognitive Assistance}",
 author = "Zhuo Chen and Wenlu Hu and Junjue Wang and Siyan Zhao and Brandon Amos and Guanhang Wu and Kiryong Ha and Khalid Elgazzar and  Padmanabhan Pillai and Roberta Klatzky and  Dan Siewiorek and Mahadev Satyanarayanan",
 booktitle = "{Proceedings of the Second ACM/IEEE Symposium on Edge Computing}", 
 month = "October",
 year = "2017",
 publisher={ACM}
}


@inproceedings{davies1998,
  title={Developing a context sensitive tourist guide},
  author={Davies, Nigel and Mitchell, Keith and Cheverst, Keith and Blair, Gordon},
  booktitle={1st Workshop on Human Computer Interaction with Mobile Devices, GIST Technical Report G98-1},
  volume={1},
  year={1998}
}

@article{petersen2015cognitive,
  title={Cognitive augmented reality},
  author={Petersen, Nils and Stricker, Didier},
  journal={Computers \& Graphics},
  volume={53},
  pages={82--91},
  year={2015},
  publisher={Elsevier}
}

@article{mura2013ibes,
  title={IBES: a tool for creating instructions based on event segmentation},
  author={Mura, Katharina and Petersen, Nils and Huff, Markus and Ghose, Tandra},
  journal={Frontiers in psychology},
  volume={4},
  pages={994},
  year={2013},
  publisher={Frontiers}
}

@inproceedings{ren2015faster,
  title={Faster r-cnn: Towards real-time object detection with region proposal networks},
  author={Ren, Shaoqing and He, Kaiming and Girshick, Ross and Sun, Jian},
  booktitle={Advances in neural information processing systems},
  pages={91--99},
  year={2015}
}

@INPROCEEDINGS{he2017mask, 
author={K. He and G. Gkioxari and P. Doll√°r and R. Girshick}, 
booktitle={2017 IEEE International Conference on Computer Vision (ICCV)}, 
title={Mask R-CNN}, 
year={2017}, 
volume={}, 
number={}, 
pages={2980-2988}, 
keywords={feature extraction;image segmentation;object detection;pose estimation;conceptually simple framework;bounding-box object detection;object mask;Faster R-CNN;called Mask R-CNN;high-quality segmentation mask;object instance segmentation;Feature extraction;Image segmentation;Object detection;Semantics;Quantization (signal);Robustness}, 
doi={10.1109/ICCV.2017.322}, 
ISSN={2380-7504}, 
month={Oct}
}

@inproceedings{ha2014towards,
  title = "{Towards Wearable Cognitive Assistance}",
  author = "Kiryong Ha and Zhuo Chen and Wenlu Hu and Wolfgang Richter and Padmanabhan Pillai  and Mahadev Satyanarayanan",
  booktitle = "{Proceedings of ACM MobiSys}",
  year = "2014"
}


@inproceedings{chen2015early,
	title={Early implementation experience with wearable cognitive assistance applications},
	author={Chen, Zhuo and Jiang, Lu and Hu, Wenlu and Ha, Kiryong and Amos, Brandon and Pillai, Padmanabhan and Hauptmann, Alex and Satyanarayanan, Mahadev},
	booktitle={Proceedings of the 2015 workshop on Wearable Systems and Applications},
	pages={33--38},
	year={2015},
	organization={ACM}
}

@misc{flattirechange,
	author = {Nicole Spector},
	title = {{60 Percent of People Can't Change a Flat Tire - But Most Can Google It}},
	howpublished = "\url{https://www.nbcnews.com/business/consumer/draft-60-percent-people-can-t-change-flat-tire-most-n655501}",
	year = {2016}, 
	note = "[Online; accessed 19-November-2018]"
}

@misc{unity2018,
	author = {Unity Technologies},
	title = {Imagine, build and succeed with Unity},
	howpublished = "\url{https://unity3d.com/}",
	year = {2018}, 
	note = "last accessed November 2018"
}

@misc{unreal2018,
	author = {Epic Games},
	title = {Unreal Engine 4},
	howpublished = "\url{https://www.unrealengine.com/en-US/what-is-unreal-engine-4}",
	year = {2018}, 
	note = "last accessed November 2018"
}

@article{Doffman2018,
        author = "Zak Doffman",
        title = "{Battlefield 2.0: How Edge Artificial Intelligence is Pitting Man Against Machine}",
        journal = "{Forbes}",
        year = "2018",
        month = "November"
}

@article{Ray2018,
        author = "Tiernan Ray",
        title = "{An Angel on Your Shoulder: Who Will Build A.I.?}",
        journal = "{Barron's}",
        year = "2018",
        month = "February"
}

@misc{Oakley2018,
      author = "John Oakley",
      title = "{Intelligent Cognitive Assistants (ICA) Workshop Summary and Research Needs}",
      year = "2018",
      month = "February",
      howpublished = "\url{https://www.nsf.gov/crssprgm/nano/reports/ICA2_Workshop_Report_2018.pdf}"
}

@misc{Stokes2018,
  author = "Sherry Stokes",
  title = "{New Center Headquartered at Carnegie Mellon Will Build Smarter Networks To Connect Edge Devices to the Cloud}",
  howpublished = "\url{https://www.cmu.edu/news/stories/archives/2018/january/conix-research-center.html}",
  year = "2018",
  month = "January"
}

@misc{Gabriel2018,
  title = "{Gabriel: Platform for Wearable Cognitive Assistance Applications}",
  howpublished = "\url{https://github.com/cmusatyalab/gabriel}",
  year = "2018"
}

@inproceedings{cooking,
author = {Walter, Kirstin and Minor, Mirjam and Bergmann, Ralph},
year = {2011},
month = {01},
pages = {207-216},
title = {Workflow Extraction from Cooking Recipes}
}

@inproceedings{Kim,
 author = {Kim, Juho and Nguyen, Phu Tran and Weir, Sarah and Guo, Philip J. and Miller, Robert C. and Gajos, Krzysztof Z.},
 title = {Crowdsourcing Step-by-step Information Extraction to Enhance Existing How-to Videos},
 booktitle = {Proceedings of the 32Nd Annual ACM Conference on Human Factors in Computing Systems},
 series = {CHI '14},
 year = {2014},
 isbn = {978-1-4503-2473-1},
 location = {Toronto, Ontario, Canada},
 pages = {4017--4026},
 numpages = {10},
 url = {http://doi.acm.org/10.1145/2556288.2556986},
 doi = {10.1145/2556288.2556986},
 acmid = {2556986},
 publisher = {ACM},
 address = {New York, NY, USA},
 keywords = {crowdsourcing, how-to videos, video annotation.},
} 

@INPROCEEDINGS{6130482, 
author={F. Nater and H. Grabner and L. Van Gool}, 
booktitle={2011 IEEE International Conference on Computer Vision Workshops (ICCV Workshops)}, 
title={Unsupervised workflow discovery in industrial environments}, 
year={2011}, 
volume={}, 
number={}, 
pages={1912-1919}, 
keywords={assembling;automobile manufacture;object detection;object tracking;production engineering computing;unsupervised workflow discovery;industrial environment;automatic workflow discovery;cluttered scene;object detection;object tracking;data-driven method;temporal structure;car assembly line;workflow extraction;human annotation;image stream analysis;Laboratories;Image segmentation}, 
doi={10.1109/ICCVW.2011.6130482}, 
ISSN={}, 
month={Nov},}

@article{bertasius2016first,
	title={First person action-object detection with egonet},
	author={Bertasius, Gedas and Park, Hyun Soo and Yu, Stella X and Shi, Jianbo},
	journal={arXiv preprint arXiv:1603.04908},
	year={2016}
}

@article{redmon2018yolov3,
	title={Yolov3: An incremental improvement},
	author={Redmon, Joseph and Farhadi, Ali},
	journal={arXiv preprint arXiv:1804.02767},
	year={2018}
}

@inproceedings{danelljan2014accurate,
  title={Accurate scale estimation for robust visual tracking},
  author={Danelljan, Martin and H{\"a}ger, Gustav and Khan, Fahad and Felsberg, Michael},
  booktitle={British Machine Vision Conference, Nottingham, September 1-5, 2014},
  year={2014},
  organization={BMVA Press}
}

@Article{Everingham15, 
   author = "Everingham, M. and Eslami, S. M. A. and Van~Gool, L. and Williams, C. K. I. and Winn, J. and Zisserman, A.", 
   title = "The Pascal Visual Object Classes Challenge: A Retrospective", 
   journal = "International Journal of Computer Vision", 
   volume = "111", 
   year = "2015", 
   number = "1", 
   month = jan, 
   pages = "98--136", 
} 

@inproceedings{yeung1995video,
	title={Video browsing using clustering and scene transitions on compressed sequences},
	author={Yeung, Minerva M and Yeo, Boon-Lock and Wolf, Wayne H and Liu, Bede},
	booktitle={Multimedia Computing and Networking 1995},
	volume={2417},
	pages={399--414},
	year={1995},
	organization={International Society for Optics and Photonics}
}

@article{Satya2004,
 author = "Mahadev Satyanarayanan",
 title = "{Augmenting Cognition}",
 journal = "{IEEE Pervasive Computing}",
 volume = "3",
 number = "2",
 month = "{April-June}",
 year = "2004"
}

@inproceedings{Flinn1999,
 author = "Jason Flinn and Mahadev Satyanarayanan",
 title = "{Energy-aware Adaptation for Mobile Applications}",
 booktitle = "{Proceedings of the Seventeenth ACM Symposium on Operating systems Principles}",
 year = "1999",
 address = "{Charleston, SC}"
}

@inproceedings{Noble1997,
  author = "Noble, Brian D. and Satyanarayanan, M. and Narayanan, Dushyanth and Tilton, J. Eric and Flinn, Jason and Walker, Kevin R.",
  title = "{Agile Application-Aware Adaptation for Mobility}",
  booktitle =  "{Proceedings of the 16th ACM Symposium on Operating Systems Principles}",
  address = "{Saint-Malo, France}",
  month   = "October",
  year = "1997"
}

@inproceedings{Satya1999,
 author = "Mahadev Satyanarayanan and Dushyanth Narayanan",
 title = "{Multi-Fidelity Algorithms for Interactive Mobile Applications}",
 booktitle = "{Proceedings of the 3rd International Workshop on Discrete Algorithms and Methods for Mobile Computing and Communications (DialM)}",
 year = "1999",
 month = "August",
 address = "{Seattle, WA}"
}

@inproceedings{Narayanan2003,
 author = "Dushyanth Narayanan and Mahadev Satyanarayanan",
 title = "{Predictive Resource Management for Wearable Computing}",
 booktitle = "{Proceedings of the 1st International Conference on Mobile Systems, Applications and Services}", 
 address = "{San Francisco, CA}",
 month = "May",
 year = "2003"
}

@inproceedings{Hu2015,
 author = "Wenlu Hu and Brandon Amos and Zhuo Chen and Kiryong Ha and  Wolfgang Richter and Padmanabhan Pillai and Benjamin Gilbert and Jan Harkes and Mahadev Satyanarayanan",
 title = "{The Case for Offload Shaping}",
 booktitle = "{Proceedings of HotMobile 2015}", 
 address = "{Santa Fe, NM}", 
 month = "February",
 year =  "2015"
}

@inproceedings{zaharia2013discretized,
  title={Discretized streams: Fault-tolerant streaming computation at scale},
  author={Zaharia, Matei and Das, Tathagata and Li, Haoyuan and Hunter, Timothy and Shenker, Scott and Stoica, Ion},
  booktitle={Proceedings of the twenty-fourth ACM symposium on operating systems principles},
  pages={423--438},
  year={2013},
  organization={ACM}
}

@inproceedings{lin2016streamscope,
  title={Streamscope: continuous reliable distributed processing of big data streams},
  author={Lin, Wei and Qian, Zhengping and Xu, Junwei and Yang, Sen and Zhou, Jingren and Zhou, Lidong},
  booktitle={13th $\{$USENIX$\}$ Symposium on Networked Systems Design and Implementation ($\{$NSDI$\}$ 16)},
  pages={439--453},
  year={2016}
}

@article{chandramouli2014trill,
  title={Trill: A high-performance incremental query processor for diverse analytics},
  author={Chandramouli, Badrish and Goldstein, Jonathan and Barnett, Mike and DeLine, Robert and Fisher, Danyel and Platt, John C and Terwilliger, James F and Wernsing, John},
  journal={Proceedings of the VLDB Endowment},
  volume={8},
  number={4},
  pages={401--412},
  year={2014},
  publisher={VLDB Endowment}
}

@inproceedings{zhang2017live,
  title={Live video analytics at scale with approximation and delay-tolerance},
  author={Zhang, Haoyu and Ananthanarayanan, Ganesh and Bodik, Peter and Philipose, Matthai and Bahl, Paramvir and Freedman, Michael J},
  booktitle={14th $\{$USENIX$\}$ Symposium on Networked Systems Design and Implementation ($\{$NSDI$\}$ 17)},
  pages={377--392},
  year={2017}
}

@inproceedings{hung2018videoedge,
  title={Videoedge: Processing camera streams using hierarchical clusters},
  author={Hung, Chien-Chun and Ananthanarayanan, Ganesh and Bodik, Peter and Golubchik, Leana and Yu, Minlan and Bahl, Paramvir and Philipose, Matthai},
  booktitle={2018 IEEE/ACM Symposium on Edge Computing (SEC)},
  pages={115--131},
  year={2018},
  organization={IEEE}
}

@inproceedings{han2016mcdnn,
  title={Mcdnn: An approximation-based execution framework for deep stream processing under resource constraints},
  author={Han, Seungyeop and Shen, Haichen and Philipose, Matthai and Agarwal, Sharad and Wolman, Alec and Krishnamurthy, Arvind},
  booktitle={Proceedings of the 14th Annual International Conference on Mobile Systems, Applications, and Services},
  pages={123--136},
  year={2016},
  organization={ACM}
}

@inproceedings{jiang2018chameleon,
  title={Chameleon: scalable adaptation of video analytics},
  author={Jiang, Junchen and Ananthanarayanan, Ganesh and Bodik, Peter and Sen, Siddhartha and Stoica, Ion},
  booktitle={Proceedings of the 2018 Conference of the ACM Special Interest Group on Data Communication},
  pages={253--266},
  year={2018},
  organization={ACM}
}

@inproceedings{lorincz2009mercury,
  title={Mercury: a wearable sensor network platform for high-fidelity motion analysis.},
  author={Lorincz, Konrad and Chen, Bor-rong and Challen, Geoffrey Werner and Chowdhury, Atanu Roy and Patel, Shyamal and Bonato, Paolo and Welsh, Matt and others},
  booktitle={SenSys},
  volume={9},
  pages={183--196},
  year={2009}
}

@inproceedings{lorincz2008resource,
  title={Resource aware programming in the pixie os},
  author={Lorincz, Konrad and Chen, Bor-rong and Waterman, Jason and Werner-Allen, Geoff and Welsh, Matt},
  booktitle={Proceedings of the 6th ACM conference on Embedded network sensor systems},
  pages={211--224},
  year={2008},
  organization={ACM}
}

@article{vallina2012energy,
  title={Energy management techniques in modern mobile handsets},
  author={Vallina-Rodriguez, Narseo and Crowcroft, Jon},
  journal={IEEE Communications Surveys \& Tutorials},
  volume={15},
  number={1},
  pages={179--198},
  year={2012},
  publisher={IEEE}
}

@article{lane2010survey,
  title={A survey of mobile phone sensing},
  author={Lane, Nicholas D and Miluzzo, Emiliano and Lu, Hong and Peebles, Daniel and Choudhury, Tanzeem and Campbell, Andrew T},
  journal={IEEE Communications magazine},
  volume={48},
  number={9},
  pages={140--150},
  year={2010},
  publisher={IEEE}
}

@article{kang2017noscope,
  title={Noscope: optimizing neural network queries over video at scale},
  author={Kang, Daniel and Emmons, John and Abuzaid, Firas and Bailis, Peter and Zaharia, Matei},
  journal={Proceedings of the VLDB Endowment},
  volume={10},
  number={11},
  pages={1586--1597},
  year={2017},
  publisher={VLDB Endowment}
}

@inproceedings{hsieh2018focus,
  title={Focus: Querying large video datasets with low latency and low cost},
  author={Hsieh, Kevin and Ananthanarayanan, Ganesh and Bodik, Peter and Venkataraman, Shivaram and Bahl, Paramvir and Philipose, Matthai and Gibbons, Phillip B and Mutlu, Onur},
  booktitle={13th $\{$USENIX$\}$ Symposium on Operating Systems Design and Implementation ($\{$OSDI$\}$ 18)},
  pages={269--286},
  year={2018}
}

@inproceedings{zhang2015design,
  title={The design and implementation of a wireless video surveillance system},
  author={Zhang, Tan and Chowdhery, Aakanksha and Bahl, Paramvir Victor and Jamieson, Kyle and Banerjee, Suman},
  booktitle={Proceedings of the 21st Annual International Conference on Mobile Computing and Networking},
  pages={426--438},
  year={2015},
  organization={ACM}
}

@techreport{lebeckcollaborative,
  title={Collaborative Acceleration for Mixed Reality},
  author={Lebeck, Kiron and Cuervo, Eduardo and Philipose, Matthai},
  journal={MSR-TR-2018-20},
  url={https://www.microsoft.com/en-us/research/publication/collaborative-acceleration-for-mixed-reality/},
  year={2018},
  institution={Microsoft}
}

@inproceedings{naderiparizi2017glimpse,
  title={Glimpse: A programmable early-discard camera architecture for continuous mobile vision},
  author={Naderiparizi, Saman and Zhang, Pengyu and Philipose, Matthai and Priyantha, Bodhi and Liu, Jie and Ganesan, Deepak},
  booktitle={Proceedings of the 15th Annual International Conference on Mobile Systems, Applications, and Services},
  pages={292--305},
  year={2017},
  organization={ACM}
}

@inproceedings{jain2015overlay,
  title={Overlay: Practical mobile augmented reality},
  author={Jain, Puneet and Manweiler, Justin and Roy Choudhury, Romit},
  booktitle={Proceedings of the 13th Annual International Conference on Mobile Systems, Applications, and Services},
  pages={331--344},
  year={2015},
  organization={ACM}
}

@inproceedings{sembiring2013dynamic,
  title={Dynamic resource allocation for cloud-based media processing},
  author={Sembiring, Krisantus and Beyer, Andreas},
  booktitle={Proceeding of the 23rd ACM Workshop on Network and Operating Systems Support for Digital Audio and Video},
  pages={49--54},
  year={2013},
  organization={ACM}
}

@inproceedings{kaseb2015cloud,
  title={Cloud resource management for image and video analysis of big data from network cameras},
  author={Kaseb, Ahmed S and Mohan, Anup and Lu, Yung-Hsiang},
  booktitle={2015 International Conference on Cloud Computing and Big Data (CCBD)},
  pages={287--294},
  year={2015},
  organization={IEEE}
}

@inproceedings{hossain2012resource,
  title={Resource allocation for service composition in cloud-based video surveillance platform},
  author={Hossain, M Shamim and Hassan, M Mehedi and Al Qurishi, Muhammad and Alghamdi, Abdullah},
  booktitle={2012 IEEE international conference on multimedia and expo workshops},
  pages={408--412},
  year={2012},
  organization={IEEE}
}

@inproceedings{de2013resource,
  title={A resource allocation controller for cloud-based adaptive video streaming},
  author={De Cicco, Luca and Mascolo, Saverio and Calamita, Dario},
  booktitle={2013 IEEE International Conference on Communications Workshops (ICC)},
  pages={723--727},
  year={2013},
  organization={IEEE}
}

@inproceedings{fu2015drs,
  title={DRS: dynamic resource scheduling for real-time analytics over fast streams},
  author={Fu, Tom ZJ and Ding, Jianbing and Ma, Richard TB and Winslett, Marianne and Yang, Yin and Zhang, Zhenjie},
  booktitle={2015 IEEE 35th International Conference on Distributed Computing Systems},
  pages={411--420},
  year={2015},
  organization={IEEE}
}

@inproceedings{cuervo2010maui,
  title={MAUI: making smartphones last longer with code offload},
  author={Cuervo, Eduardo and Balasubramanian, Aruna and Cho, Dae-ki and Wolman, Alec and Saroiu, Stefan and Chandra, Ranveer and Bahl, Paramvir},
  booktitle={Proceedings of the 8th international conference on Mobile systems, applications, and services},
  pages={49--62},
  year={2010},
  organization={ACM}
}

@inproceedings{ra2011odessa,
  title={Odessa: enabling interactive perception applications on mobile devices},
  author={Ra, Moo-Ryong and Sheth, Anmol and Mummert, Lily and Pillai, Padmanabhan and Wetherall, David and Govindan, Ramesh},
  booktitle={Proceedings of the 9th international conference on Mobile systems, applications, and services},
  pages={43--56},
  year={2011},
  organization={ACM}
}

@inproceedings{chen2015glimpse,
  title={Glimpse: Continuous, real-time object recognition on mobile devices},
  author={Chen, Tiffany Yu-Han and Ravindranath, Lenin and Deng, Shuo and Bahl, Paramvir and Balakrishnan, Hari},
  booktitle={Proceedings of the 13th ACM Conference on Embedded Networked Sensor Systems},
  pages={155--168},
  year={2015},
  organization={ACM}
}

@inproceedings{newton2009wishbone,
  title={Wishbone: Profile-based Partitioning for Sensornet Applications.},
  author={Newton, Ryan and Toledo, Sivan and Girod, Lewis and Balakrishnan, Hari and Madden, Samuel},
  booktitle={NSDI},
  volume={9},
  pages={395--408},
  year={2009}
}

@inproceedings{yi2017lavea,
  title={Lavea: Latency-aware video analytics on edge computing platform},
  author={Yi, Shanhe and Hao, Zijiang and Zhang, Qingyang and Zhang, Quan and Shi, Weisong and Li, Qun},
  booktitle={Proceedings of the Second ACM/IEEE Symposium on Edge Computing},
  pages={15},
  year={2017},
  organization={ACM}
}

@inproceedings{balan2003tactics,
  title={Tactics-based remote execution for mobile computing},
  author={Balan, Rajesh Krishna and Satyanarayanan, Mahadev and Park, So Young and Okoshi, Tadashi},
  booktitle={Proceedings of the 1st international conference on Mobile systems, applications and services},
  pages={273--286},
  year={2003},
  organization={ACM}
}

@article{bush1945we,
  title={As we may think},
  author={Bush, Vannevar and Bush, Vannevar},
  journal={Resonance},
  volume={5},
  number={11},
  year={1945}
}

@inproceedings{davies1998developing,
  title={Developing a context sensitive tourist guide},
  author={Davies, Nigel and Mitchell, Keith and Cheverst, Keith and Blair, Gordon},
  booktitle={1st Workshop on Human Computer Interaction with Mobile Devices, GIST Technical Report G98-1},
  volume={1},
  year={1998}
}

@article{loomis1998navigation,
  title={Navigation system for the blind: Auditory display modes and guidance},
  author={Loomis, Jack M and Golledge, Reginald G and Klatzky, Roberta L},
  journal={Presence},
  volume={7},
  number={2},
  pages={193--203},
  year={1998},
  publisher={MIT Press}
}

@inproceedings{loomis1994personal,
  title={Personal guidance system for the visually impaired},
  author={Loomis, Jack M and Golledge, Reginald G and Klatzky, Roberta L and Speigle, Jon M and Tietz, Jerome},
  booktitle={Proceedings of the first annual ACM conference on Assistive technologies},
  pages={85--91},
  year={1994},
  organization={ACM}
}

@article{smailagic1993case,
  title={A case study in embedded-system design: The VuMan 2 wearable computer},
  author={Smailagic, Asim and Siewiorek, Daniel P},
  journal={IEEE Design \& Test of Computers},
  volume={10},
  number={3},
  pages={56--67},
  year={1993},
  publisher={IEEE}
}

@article{smailagic1998very,
  title={Very rapid prototyping of wearable computers: A case study of VuMan 3 custom versus off-the-shelf design methodologies},
  author={Smailagic, Asim and Siewiorek, Daniel P and Martin, Richard and Stivoric, John},
  journal={Design Automation for Embedded Systems},
  volume={3},
  number={2-3},
  pages={219--232},
  year={1998},
  publisher={Springer}
}

@article{smailagic2002application,
  title={Application design for wearable and context-aware computers},
  author={Smailagic, Asim and Siewiorek, Daniel},
  journal={IEEE Pervasive Computing},
  volume={1},
  number={4},
  pages={20--29},
  year={2002},
  publisher={IEEE}
}

@inproceedings{kidd1999aware,
  title={The aware home: A living laboratory for ubiquitous computing research},
  author={Kidd, Cory D and Orr, Robert and Abowd, Gregory D and Atkeson, Christopher G and Essa, Irfan A and MacIntyre, Blair and Mynatt, Elizabeth and Starner, Thad E and Newstetter, Wendy},
  booktitle={International Workshop on Cooperative Buildings},
  pages={191--198},
  year={1999},
  organization={Springer}
}

@inproceedings{cheverst2000developing,
  title={Developing a context-aware electronic tourist guide: some issues and experiences},
  author={Cheverst, Keith and Davies, Nigel and Mitchell, Keith and Friday, Adrian and Efstratiou, Christos},
  booktitle={Proceedings of the SIGCHI conference on Human Factors in Computing Systems},
  pages={17--24},
  year={2000},
  organization={ACM}
}

@inproceedings{tanuwidjaja2014chroma,
  title={Chroma: a wearable augmented-reality solution for color blindness},
  author={Tanuwidjaja, Enrico and Huynh, Derek and Koa, Kirsten and Nguyen, Calvin and Shao, Churen and Torbett, Patrick and Emmenegger, Colleen and Weibel, Nadir},
  booktitle={Proceedings of the 2014 ACM International Joint Conference on Pervasive and Ubiquitous Computing},
  pages={799--810},
  year={2014},
  organization={ACM}
}

% from drone paper
@misc{Aero2018,
  title = "{Intel Aero Ready to Fly Drone}",
  author = "Intel",
  howpublished = "\url{https://www.intel.com/content/www/us/en/products/drones/aero-ready-to-fly.html}",
  year = 2018,
  note = "{Last accessed: Sept 12, 2018}"
}

@inproceedings{Barekatain2017,
author={Barekatain, Mohammadamin and Mart{\'\i}, Miquel and Shih, Hsueh-Fu and Murray, Samuel and Nakayama, Kotaro and Matsuo, Yutaka and Prendinger, Helmut},
booktitle={2017 IEEE Conference on Computer Vision and Pattern Recognition Workshops (CVPRW)}, 
title={Okutama-Action: An Aerial View Video Dataset for Concurrent Human Action Detection}, 
year={2017}, 
pages={2153-2160}, 
}

@article{Barmpounakis2016,
 author = "Emmanouil N. Barmpounakis and Eleni I. Vlahogianni and John C. Golias",
 title = "Unmanned Aerial Aircraft Systems for transportation engineering: Current practice and future challenges",
 journal = "{International Journal of Transportation Science and Technology}",
 year = "2016",
 volume = "5",
 pages = "111-122"
}

@article{Bateman2017,
 author = "Joshua Bateman",
 title = "{China's Launching Drones to Fight Back Against Earthquakes}",
 journal = "{Wired}",
 year = "2017",
 month = "January",
 howpublished = "\url{https://www.wired.com/2017/01/chinas-launching-drones-fight-back-earthquakes/}",
}

@inproceedings{Bregu2016,
 author = "Endri Bregu and Nicola Casamassima and Daniel Cantoni and Luca Mottola and Kamin Whitehouse",
 title = "{Reactive Control of Autonomous Drones}",
 booktitle = "{Proceedings of MobiSys 2016}",
 year = "2016",
 month = "June",
 address = "Singapore"
}

@inproceedings{Chen2015b,
 author = "Tiffany Yu-Han Chen and Lenin Ravindranath and Shuo Deng and Paramvir Bahl and Hari Balakrishnan",
 title = "{Glimpse: Continuous, Real-Time Object Recognition on Mobile Devices}",
 booktitle = "{Proceedings  of ACM SenSys}",                  
 year = "2015",
} 

@article{Collet2011,
    title = "{The MOPED framework: Object Recognition and Pose Estimation for Manipulation}",
    author = "Collet, Alvaro and Martinez, Manuel and Srinivasa, Siddhartha S.",
    journal = "{The International Journal of Robotics Research}",
    year = "2011"
}
                  
@inproceedings{Dwibedi2017,
  title={Cut, paste and learn: Surprisingly easy synthesis for instance detection},
  author={Dwibedi, Debidatta and Misra, Ishan and Hebert, Martial},
  booktitle={The IEEE international conference on computer vision (ICCV)},
  year={2017}
}

@misc{DjiMyriad,
  title = "{Intel Movidius Myriad 2 VPU Enables Advanced Computer Vision and Deep Learning Features in Ultra-Compact DJI Spark Drone}",
  howpublished = "\url{https://www.movidius.com/news/intel-movidius-myriad-2-vpu-enables-advanced-computer-vision-and-deep-learn}",
  year = 2017
}

@book{Flinn2012,
    author = "Jason Flinn",
    title = "{Cyber Foraging: Bridging Mobile and Cloud Computing via Opportunistic Offload}",
    year = "2012",
    publisher = "Morgan \& Claypool Publishers"
}

@book{Friedman2001,
  title={The elements of statistical learning},
  author={Friedman, Jerome and Hastie, Trevor and Tibshirani, Robert},
  volume={1},
  year={2001},
  publisher={Springer series in statistics}
}

@article{Gartner2017,
 author = "Gartner",
 title = "{Gartner Says Almost 3 Million Personal and Commercial Drones Will Be Shipped in 2017}",
 year = "2017",
 month = "February",
 howpublished = "\url{https://www.gartner.com/newsroom/id/3602317}",
  note = "{Last accessed: Sept 12, 2018}"
}

@inproceedings{Gowda2016,
 author = "Mahanth Gowda and Justin Manweiler and Ashutosh Dhekne and Romit Roy Choudhury and Justin D. Weisz",
 title = "{Tracking Drone Orientation with Multiple GPS Receivers}",
 booktitle = "{Proceedings of MobiCom 2016}",
 year = 2016,
}

@misc{Hambling2017,
 author = "David Hambling",
 title = "The next era of drones will be defined by 'swarms'",
 howpublished = "\url{http://www.bbc.com/future/story/20170425-were-entering-the-next-era-of-drones}",
 year = "2017",
 month = "April"
}

@misc{Hardawar2016,
  author = "Devindra Hardawar",
  title = "{Intel's Joule is its most powerful dev kit yet}",
  howpublished = "\url{https://www.engadget.com/2016/08/16/intels-joule-is-its-most-powerful-dev-kit-yet/}",
  year = "2016",
  month = "August",
  note = "{Last accessed: Sept 12, 2018}"
}

@inproceedings{He2016,
  title={Deep residual learning for image recognition},
  author={He, Kaiming and Zhang, Xiangyu and Ren, Shaoqing and Sun, Jian},
  booktitle={Proceedings of the IEEE conference on computer vision and pattern recognition},
  pages={770--778},
  year={2016}
}

@article{Howard2017,
  title={Mobilenets: Efficient convolutional neural networks for mobile vision applications},
  author={Howard, Andrew G and Zhu, Menglong and Chen, Bo and Kalenichenko, Dmitry and Wang, Weijun and Weyand, Tobias and Andreetto, Marco and Adam, Hartwig},
  journal={arXiv preprint arXiv:1704.04861},
  year={2017}
}

@article{Hu2015mobile,
  title={Mobile edge computing‚ÄîA key technology towards 5G},
  author={Hu, Yun Chao and Patel, Milan and Sabella, Dario and Sprecher, Nurit and Young, Valerie},
  journal={ETSI white paper},
  volume={11},
  number={11},
  pages={1--16},
  year={2015}
}

@inproceedings{Huang2017,
  author="Jonathan Huang and Vivek Rathod and Chen Sun and Menglong Zhu and Anoop Korattikara and Alireza Fathi and Ian Fischer and Zbigniew Wojna and Yang Song and Sergio Guadarrama and Kevin Murphy",
  booktitle="{2017 IEEE Conference on Computer Vision and Pattern Recognition (CVPR)}",
  title="{Speed/Accuracy Trade-Offs for Modern Convolutional Object Detectors}",
  year="2017",
}

@misc{Hulu2017,
 author = "Hulu",
 title = "{Internet speed requirements for streaming HD and 4K Ultra HD}",
 howpublished = "\url{https://help.hulu.com/en-us/requirements-for-hd}",
 year = "2017",
 note = "{Last accessed: May 16, 2017}"
}

@misc{Lightbridge2,
  author = "{DJI, Inc.}",
  title = "{Lightbridge 2 --- Professional Quality Live Streaming From the Sky}",
  howpublished = "\url{https://www.dji.com/lightbridge-2}",
  year = "2017",
  note = "{Last accessed: November 19, 2017}"
}

@inproceedings{Liu2016,
  title={SSD: Single shot multibox detector},
  author={Liu, Wei and Anguelov, Dragomir and Erhan, Dumitru and Szegedy, Christian and Reed, Scott and Fu, Cheng-Yang and Berg, Alexander C},
  booktitle={European conference on computer vision},
  pages={21--37},
  year={2016},
  organization={Springer}
}

@misc{LteWorld2009,
 author = "{\relax LteWorld}",
 title = "{LTE Advanced: Evolution of LTE}",
 howpublished = "\url{http://lteworld.org/blog/lte-advanced-evolution-lte}",
 year = "2009",
 month = "August",
 day = "14",
 note = "{Last accessed: Jan 11, 2016}"
}


@inproceedings{Mao2017,
 author = "Wenguang Mao and Zaiwei Zhang and Lili Qiu and Jian He and Yuchen Cui and Sangki Yun",
 title = "{Indoor Follow Me Drone}",
 booktitle = "{Proceedings of MobiSys 2017}",
 year = "2017",
 month = "June",
}

@misc{Martin2017, 
  author = "David Martin",
  title = "New generation of drones set to revolutionize warfare",
  year = "2017",
  month = "August",
  howpublished=
  "https://www.cbsnews.com/news/60-minutes-autonomous-drones-set-to-revolutionize-military-technology-2/",
  note = "{Last accessed: Sept 12, 2018}"
}

@inproceedings{Merritt2007,
  title={Improved rate control and motion estimation for H. 264 encoder},
  author={Merritt, Loren and Vanam, Rahul},
  booktitle={IEEE International Conference on Image Processing},
  year={2007},
}


@misc{Morse2017,
  author = "Jack Morse",
  title = "{Alphabet officially flips on Project Loon in Puerto Rico}",
  year = "2017",
  month = "October",
  howpublished = "\url{http://mashable.com/2017/10/20/puerto-rico-project-loon-internet}",
  note = "{Last accessed: Sept 12, 2018}"
}


@inproceedings{Mottola2014,
 title = "{Team-level Programming of Drone Sensor Networks}",
 author = "Luca Mottola and Mattia Moretta and Kamin Whitehouse and Carlo Ghezzi",
 booktitle = "{Proceedings of SenSys 2014}",
 year = "2014",
 month = "November",
 address = "{Memphis, TN}"
}

@misc{NvidiaJetsonTeal,
  title = "{TEAL Drone}",
  author = "NVIDIA",
  howpublished = "\url{https://developer.nvidia.com/embedded/community/reference-platforms/teal-drone}",
  year = 2017,
 note = "{Last accessed: Sept 12, 2018}"
}

@misc{NvidiaJetson2018,
 title = "{NVIDIA Jetson TX2 Module}",
  author = "NVIDIA",
 year = "2018",
 \howpublished = "\url{https://developer.nvidia.com/embedded/buy/jetson-tx2}",
 note = "{Last accessed: Sept 12, 2018}"
}


@inproceedings{Naderiparizi2017,
 title = "{Glimpse: A Programmable Early-Discard Camera Architecture for Continuous Mobile Vision}",
 author = "Saman Naderiparizi and Pengyu Zhang and Matthai Philipose and Bodhi Priyantha and Jie Liu and Deepak Ganesan",
 booktitle = "{Proceedings of MobiSys 2017}",
 year = "2017",
 month = "June",
}

@inproceedings{Narayanan2003,
    author = "Dushyanth Narayanan and M. Satyanarayanan",
    title = "{Predictive Resource Management for Wearable Computing}",
    booktitle = "{Proceedings of the 1st international conference on Mobile systems, applications and services}",
    year = "2003",
    address = "{San Francisco, CA}"
}

@misc{Netflix2016,
 title = "{How can I control how much data Netflix uses?}",
 author = "{Netflix Help Center}",
 year = "2016",
 \howpublished = "\url{https://help.netflix.com/en/node/87}",
 note = "{Last accessed: Sept 12, 2018}"
}

@inproceedings{Nguyen2017,
 title = "{Matthan: Drone Presence Detection by Identifying Physical Signatures in the Drone‚Äôs RF Communication}",
 author = "Phuc Nguyen and Hoang Truong and Mahesh Ravindranathan and Anh Nguyen and Richard Han and Tam Vu",
 booktitle = "{Proceedings of MobiSys 2017}",
 year = "2017",
 month = "June",
 address = "Niagara Falls, NY"
}

@misc{NVIDIA2017,
 author = "{NVIDIA}",
 title = "{The Most Advanced Platform for AI at the Edge}",
 howpublished = "\url{http://www.nvidia.com/object/embedded-systems.html}",
 year = "2017",
 note = "{Last accessed: Sept 12, 2018}"
}

@misc{OEC2018,
title="{Living Edge Lab}", 
author={{Open Edge Computing Initiative}},
howpublished="\url{http://openedgecomputing.org/lel.html}", 
year=2018,
note = "{Last accessed: Sept 12, 2018}"
}

@inproceedings{Ren2015,
  title={Faster R-CNN: Towards real-time object detection with region proposal networks},
  author={Ren, Shaoqing and He, Kaiming and Girshick, Ross and Sun, Jian},
  booktitle={Advances in neural information processing systems},
  pages={91--99},
  year={2015}
}

@inproceedings{Robicquet2016,
  title={Learning social etiquette: Human trajectory understanding in crowded scenes},
  author={Alexandre Robicquet and Amir Sadeghian and Alexandre Alahi and Silvio Savarese},
  booktitle={European Conference on Computer Vision},
  year={2016},
}

@article{Russakovsky15,
Author = {Olga Russakovsky and Jia Deng and Hao Su and Jonathan Krause and Sanjeev Satheesh and Sean Ma and Zhiheng Huang and Andrej Karpathy and Aditya Khosla and Michael Bernstein and Alexander C. Berg and Li Fei-Fei},
Title = {{ImageNet Large Scale Visual Recognition Challenge}},
Year = {2015},
journal = {International Journal of Computer Vision (IJCV)},
doi = {10.1007/s11263-015-0816-y},
volume={115},
number={3},
pages={211-252}
}

@inproceedings{Satya1996,
 author = "Mahadev Satyanarayanan",
 title  = "{Fundamental Challenges in Mobile Computing}",
 booktitle = "{Proceedings of the ACM Symposium on Principles of Distributed Computing}",
 year   = "1996",
 address = "{Ottawa, Canada}"
}

@article{Satya2009,
    author = {Satyanarayanan, Mahadev and Bahl, Paramvir and Caceres, Ram\'{o}n and Davies, Nigel},
    title = "{The Case for VM-Based Cloudlets in Mobile Computing}",
    journal = "IEEE Pervasive Computing",
    volume = "8",
    number = "4",
    month = "{October-December}",
    year = "2009"
}

@article{Satya2017,
 author = "Mahadev Satyanarayanan",
 title = "{The Emergence of Edge Computing}",
 journal = "{IEEE Computer}", 
 volume = "50",
 number = "1", 
 month = "January",
 year = "2017"
}


@inproceedings{Shotton2008,
    author = "Jamie Shotton and Matthew Johnson and Roberto Cipolla",
    title = "{Semantic texton forests for image categorization and segmentation}",
    booktitle = "{Proc. of IEEE Conf. on Computer Vision and Pattern Recognition}",
    month = "June",
    year = "2008"
}

@inproceedings{Simoens2013,
    author = "{Simoens, P., Xiao, Y., Pillai, P., Chen, Z., Ha, K., Satyanarayanan, M.}",
    title = "{Scalable Crowd-Sourcing of Video from Mobile Devices}",
    booktitle = "{Proceedings of the 11th International Conference on Mobile Systems, Applications, and Services (MobiSys 2013)}",
    year = "2013",
    month = "June",
    _address = "{Taipei, Taiwan}"
}

@inproceedings{Szegedy2015,
  title={Going deeper with convolutions},
  author={Szegedy, Christian and Liu, Wei and Jia, Yangqing and Sermanet, Pierre and Reed, Scott and Anguelov, Dragomir and Erhan, Dumitru and Vanhoucke, Vincent and Rabinovich, Andrew},
  booktitle={Proceedings of the IEEE conference on computer vision and pattern recognition},
  pages={1--9},
  year={2015}
}

@misc{Tensorflow2017,
  author = "Tensorflow",
  title = "{Tensorflow Pre-trained Models Top-1 Accuracy}",
  howpublished = "\url{https://github.com/junjuew/models/tree/master/research/slim}",
  year = "2016",
  month = "August"
}

@misc{UCF2017,
  title = "{UCF Aerial Action Dataset}",
  howpublished = "\url{http://crcv.ucf.edu/data/UCF_Aerial_Action.php}",
  year = 2017
}


@misc{Sankaran2018,
  author = "Vishwam Sankaran",
  title = "{Google X‚Äôs ambitious Loon and Wing projects graduate into independent companies}",
  journal = "The Next Web",
  year = "2018",
  month = "July",
  howpublished = "https://thenextweb.com/google/2018/07/12/google-xs-ambitious-loon-and-wing-projects-graduate-into-independent-companies",
 note = "{Last accessed: Sept 12, 2018}"
}

@misc{Saguna2018, 
author={{Saguna Networks}},
  title={Saguna Open-RAN MEC Platform}, 
  howpublished="\url{https://www.saguna.net/saguna-open-ran/}", 
  note = "{Last accessed: August 28, 2018}"
}

@inproceedings{Viola2001,
    author = "Paul Viola and Michael Jones",
    title = "{Robust Real-time Object Detection}",
    booktitle = "{International Journal of Computer Vision}",
    year = "2001"
}

@misc{Vaughan2015, 
author={Steven J. Vaughan-Nichols},
  title={Canonical's cloud-in-a-box: The Ubuntu Orange Box}, 
  howpublished="\url{https://www.zdnet.com/article/canonicals-cloud-in-a-box-the-ubuntu-orange-box/}", 
  year="2015",
  note = "{Last accessed: August 28, 2018}"
}

@inproceedings{Wang2016skyeyes,
  title="{SkyEyes: adaptive video streaming from UAVs}",
  author={Wang, Xiaoli and Chowdhery, Aakanksha and Chiang, Mung},
  booktitle="{Proceedings of the 3rd Workshop on Hot Topics in Wireless}",
  year={2016},
  organization={ACM}
}

@inproceedings{Wang2017,
  author = "Junjue Wang and Brandon Amos and Anupam Das and Padmanabhan Pillai and Norman Sadeh and Mahadev Satyanarayanan",
  title = "{A Scalable and Privacy-Aware IoT Service for Live Video Analytics}",
  booktitle = "{Proceedings of ACM Multimedia Systems}",
  year = "2017",
  month = "June",
  address = "Taipei, Taiwan"
}

@inproceedings{Wang2017networked,
  title={Networked drone cameras for sports streaming},
  author={Wang, Xiaoli and Chowdhery, Aakanksha and Chiang, Mung},
  booktitle={Proceedings of IEEE International Conference on Distributed Computing Systems (ICDCS)},
  pages={308--318},
  year={2017},
}

@misc{Wiltz2017,
 author = "Chris Wiltz",
 title = "{How an Autonomous Drone Flies With Deep Learning}",
 year = "2017",
 month = "May",
howpublished =
"\url{https://www.designnews.com/electronics-test/how-autonomous-drone-flies-deep-learning/172264901156787}",
 note = "{Last accessed: Sept 12, 2018}"
}

@misc{YouTube1,
 title = "{YouTube Collection 1}",
 howpublished = "\url{https://www.dropbox.com/sh/zksp1pzc1ix5hlw/AAB3HEhx-yLAJVR1Q3HnFpsWa?dl=0}",
 year = "2017"
}

@misc{YouTube2,
 title = "{YouTube Collection 2}",
 howpublished = "\url{https://www.dropbox.com/sh/3uly2qqwbzjasaa/AABiWSzPD-5uzmvCy3meqPKma?dl=0}",
 year = "2017"
}

@misc{Movidius,
 title = "{Intel Movidius Neural Compute Stick}",
 howpublished = "\url{https://developer.movidius.com}",
 year = "2017"
}

@inproceedings{Yosinski2014,
  title={How transferable are features in deep neural networks?},
  author={Yosinski, Jason and Clune, Jeff and Bengio, Yoshua and Lipson, Hod},
  booktitle={Advances in neural information processing systems},
  pages={3320--3328},
  year={2014}
}

@inproceedings{Zhang2018pcamp,
  title = {pCAMP: Performance Comparison of Machine Learning Packages on the Edges},
author = {Xingzhou Zhang and Yifan Wang and Weisong Shi},
booktitle = {{USENIX} Workshop on Hot Topics in Edge Computing (HotEdge'18)},
  year={2018}
}

@inproceedings{Satya2019b,
author = "Mahadev Satyanarayanan and Guenter Klas and Marco Silva and Simone Mangiante",
title = "{The Seminal Role of Edge-Native Applications}",
booktitle = "{Proceedings of the 2019 IEEE International Conference on Edge Computing (EDGE)}",
address = "Milan, Italy",
year = "2019",
month = "July"
}

@article{Satya2019c,
 author = "Mahadev Satyanarayanan and Nigel Davies",
 title = "{Augmenting Cognition through Edge Computing}",
 journal = "IEEE Computer",
 volume = "52",
 number = "7",
 year = "2019",
 month = "July"
}

@inproceedings{satya2019computing,
  title={The computing landscape of the 21st century},
  author={Satyanarayanan, Mahadev and Gao, Wei and Lucia, Brandon},
  booktitle={Proceedings of the 20th International Workshop on Mobile Computing Systems and Applications},
  pages={45--50},
  year={2019},
  organization={ACM}
}

@inproceedings{li2010cloudcmp,
  title={CloudCmp: comparing public cloud providers},
  author={Li, Ang and Yang, Xiaowei and Kandula, Srikanth and Zhang, Ming},
  booktitle={Proceedings of the 10th ACM SIGCOMM conference on Internet measurement},
  pages={1--14},
  year={2010},
  organization={ACM}
}

@inproceedings{Bonomi2012,
 author = "Flavio Bonomi and Rodolfo Milito and Jiang Zhu and Sateesh Addepalli",
 title = "{Fog Computing and Its Role in the Internet of Things}",
 booktitle = "{Proceedings of the First Edition of the MCC Workshop on Mobile Cloud Computing}",
 year = "2012",
 address = "{Helsinki, Finland}",
}

@misc{Greene2012,
 author = "Kira Greene",
 title = "{AOL Flips on `Game Changer' Micro Data Center}",
 howpublished =
 	 "\url{http://blog.aol.com/2012/07/11/aol-flips-on-game-changer-micro-data-center/}",
 year = "2012",
 month = "July"
}

@misc{Brown2013,
 author = "Gabriel Brown",
 title = "{Converging Telecom \& IT in the LTE RAN}",
 howpublished = "{White Paper, Heavy Reading}",
 year = "2013",
 month = "February",
}

@article{Satya2001,
 author = "Mahadev Satyanarayanan",
 journal = "{IEEE Personal Communications}", 
 title = "{Pervasive Computing: Vision and Challenges}", 
 year = "2001", 
 volume = "8", 
 number = "4"
}

@misc{FractionalAiming,
 title = "Fractional-ball aiming",
 howpublished = "\url{http://billiards.colostate.edu/threads/aiming.html}",
 note = "Accessed on November 27, 2015"
}

@inproceedings{tang2014assistive,
  title={An assistive EyeWear prototype that interactively converts 3D object locations into spatial audio},
  author={Tang, Titus JJ and Li, Wai Ho},
  booktitle={Proceedings of the 2014 ACM International Symposium on Wearable Computers},
  pages={119--126},
  year={2014},
  organization={ACM}
}

@inproceedings{ke2007event,
  title={Event detection in crowded videos},
  author={Ke, Yan and Sukthankar, Rahul and Hebert, Martial},
  booktitle={Computer Vision, 2007. ICCV 2007. IEEE 11th International Conference on},
  pages={1--8},
  year={2007},
}

@inproceedings{anam2014expression,
  title={Expression: A dyadic conversation aid using Google Glass for people with visual impairments},
  author={Anam, Asm Iftekhar and Alam, Shahinur and Yeasin, Mohammed},
  booktitle={Proceedings of the 2014 ACM International Joint Conference on Pervasive and Ubiquitous Computing: Adjunct Publication},
  pages={211--214},
  year={2014},
  organization={ACM}
}

@inproceedings{Iarussi2013,
 author = "Iarussi, Emmanuel and Bousseau, Adrien and Tsandilas, Theophanis",
 title = "{The drawing assistant: Automated drawing guidance and feedback from photographs}",
 booktitle = "{ACM Symposium on User Interface Software and Technology (UIST)}",
 year = "2013"
}

@article{jia2014caffe,
 Author = {Jia, Yangqing and Shelhamer, Evan and Donahue, Jeff and Karayev, Sergey and Long, Jonathan and Girshick, Ross and Guadarrama, Sergio and Darrell, Trevor},
 Journal = {arXiv preprint arXiv:1408.5093},
 Title = {Caffe: Convolutional Architecture for Fast Feature Embedding},
 Year = {2014}
}

@Article{dlib09,
 author = {Davis E. King},
 title = {Dlib-ml: A Machine Learning Toolkit},
 journal = {Journal of Machine Learning Research},
 year = {2009},
 volume = {10},
 pages = {1755-1758},
}

@article{Pan2010,
 author = "Sinno Jialin Pan and Qiang Yang",
 journal = "{IEEE Transactions on Knowledge and Data Engineering}",
 title = "{A Survey on Transfer Learning}",
 year = "2010",
 volume = "22",
 number = "10",
 pages = "1345-1359",
 month = "October"
}


@misc{ribloc,
  title = "{RibLoc Fracture Plating System}",
  howpublished = "\url{https://acuteinnovations.com/product/ribloc/}",
  year = 2019
}

@misc{inwin,
  title = "{InWin}",
  howpublished="\url{https://www.in-win.com}",
	note = "last accessed June 2019"
}

@misc{computex,
  title= "{Computex TaiPei}",
  howpublished="\url{https://www.computextaipei.com.tw}",
  note="last access October 2019"
}

@article{lysenkov2013recognition,
  title={Recognition and pose estimation of rigid transparent objects with a kinect sensor},
  author={Lysenkov, Ilya and Eruhimov, Victor and Bradski, Gary},
  journal={Robotics},
  volume={273},
  pages={273--280},
  year={2013},
  publisher={MIT Press}
}

@inproceedings{hu2016quantifying,
  title={Quantifying the impact of edge computing on mobile applications},
  author={Hu, Wenlu and Gao, Ying and Ha, Kiryong and Wang, Junjue and Amos, Brandon and Chen, Zhuo and Pillai, Padmanabhan and Satyanarayanan, Mahadev},
  booktitle={Proceedings of the 7th ACM SIGOPS Asia-Pacific Workshop on Systems},
  pages={5},
  year={2016},
  organization={ACM}
}

@inproceedings{Barekatain2017,
author={Barekatain, Mohammadamin and Mart{\'\i}, Miquel and Shih, Hsueh-Fu and Murray, Samuel and Nakayama, Kotaro and Matsuo, Yutaka and Prendinger, Helmut},
booktitle={2017 IEEE Conference on Computer Vision and Pattern Recognition Workshops (CVPRW)}, 
title={Okutama-Action: An Aerial View Video Dataset for Concurrent Human Action Detection}, 
year={2017}, 
pages={2153-2160}, 
}

@inproceedings{Robicquet2016,
  title={Learning social etiquette: Human trajectory understanding in crowded scenes},
  author={Alexandre Robicquet and Amir Sadeghian and Alexandre Alahi and Silvio Savarese},
  booktitle={European Conference on Computer Vision},
  year={2016},
}

@misc{YouTube1,
 title = "{YouTube Collection 1}",
 howpublished = "\url{https://www.dropbox.com/sh/zksp1pzc1ix5hlw/AAB3HEhx-yLAJVR1Q3HnFpsWa?dl=0}",
 year = "2017"
}

@misc{YouTube2,
 title = "{YouTube Collection 2}",
 howpublished = "\url{https://www.dropbox.com/sh/3uly2qqwbzjasaa/AABiWSzPD-5uzmvCy3meqPKma?dl=0}",
 year = "2017"
}

@inproceedings{wang2017scalable,
  title={A scalable and privacy-aware IoT service for live video analytics},
  author={Wang, Junjue and Amos, Brandon and Das, Anupam and Pillai, Padmanabhan and Sadeh, Norman and Satyanarayanan, Mahadev},
  booktitle={Proceedings of the 8th ACM on Multimedia Systems Conference},
  pages={38--49},
  year={2017},
  organization={ACM}
}

@inproceedings{you1999hybrid,
  title={Hybrid inertial and vision tracking for augmented reality registration},
  author={You, Suya and Neumann, Ulrich and Azuma, Ronald},
  booktitle={Proceedings IEEE Virtual Reality (Cat. No. 99CB36316)},
  pages={260--267},
  year={1999},
  organization={IEEE}
}

@inproceedings{christensen2019towards,
  title={Towards a Distraction-free Waze},
  author={Christensen, Kevin and Mertz, Christoph and Pillai, Padmanabhan and Hebert, Martial and Satyanarayanan, Mahadev},
  booktitle={Proceedings of the 20th International Workshop on Mobile Computing Systems and Applications},
  pages={15--20},
  year={2019},
  organization={ACM}
}

@article{zou2019object,
  title={Object Detection in 20 Years: A Survey},
  author={Zou, Zhengxia and Shi, Zhenwei and Guo, Yuhong and Ye, Jieping},
  journal={arXiv preprint arXiv:1905.05055},
  year={2019}
}

@inproceedings{felzenszwalb2008discriminatively,
  title={A discriminatively trained, multiscale, deformable part model},
  author={Felzenszwalb, Pedro and McAllester, David and Ramanan, Deva},
  booktitle={2008 IEEE conference on computer vision and pattern recognition},
  pages={1--8},
  year={2008},
  organization={IEEE}
}

@article{everingham2010pascal,
  title={The pascal visual object classes (voc) challenge},
  author={Everingham, Mark and Van Gool, Luc and Williams, Christopher KI and Winn, John and Zisserman, Andrew},
  journal={International journal of computer vision},
  volume={88},
  number={2},
  pages={303--338},
  year={2010},
  publisher={Springer}
}

@inproceedings{lin2017focal,
  title={Focal loss for dense object detection},
  author={Lin, Tsung-Yi and Goyal, Priya and Girshick, Ross and He, Kaiming and Doll{\'a}r, Piotr},
  booktitle={Proceedings of the IEEE international conference on computer vision},
  pages={2980--2988},
  year={2017}
}

@inproceedings{abadi2016tensorflow,
  title={Tensorflow: A system for large-scale machine learning},
  author={Abadi, Mart{\'\i}n and Barham, Paul and Chen, Jianmin and Chen, Zhifeng and Davis, Andy and Dean, Jeffrey and Devin, Matthieu and Ghemawat, Sanjay and Irving, Geoffrey and Isard, Michael and others},
  booktitle={12th USENIX Symposium on Operating Systems Design and Implementation (OSDI'16)},
  pages={265--283},
  year={2016}
}

@inproceedings{paszke2019pytorch,
  title={PyTorch: An imperative style, high-performance deep learning library},
  author={Paszke, Adam and Gross, Sam and Massa, Francisco and Lerer, Adam and Bradbury, James and Chanan, Gregory and Killeen, Trevor and Lin, Zeming and Gimelshein, Natalia and Antiga, Luca and others},
  booktitle={Advances in Neural Information Processing Systems},
  pages={8024--8035},
  year={2019}
}

@inproceedings{dwibedi2017cut,
  title={Cut, paste and learn: Surprisingly easy synthesis for instance detection},
  author={Dwibedi, Debidatta and Misra, Ishan and Hebert, Martial},
  booktitle={Proceedings of the IEEE International Conference on Computer Vision},
  pages={1301--1310},
  year={2017}
}

@article{krasner1988description,
  title={A description of the model-view-controller user interface paradigm in the smalltalk-80 system},
  author={Krasner, Glenn E and Pope, Stephen T and others},
  journal={Journal of object oriented programming},
  volume={1},
  number={3},
  pages={26--49},
  year={1988}
}

@article{staff2016react,
  title={React: Facebook's functional turn on writing Javascript},
  author={Staff, CACM},
  journal={Communications of the ACM},
  volume={59},
  number={12},
  pages={56--62},
  year={2016},
  publisher={ACM}
}

@book{richardson2008restful,
  title={RESTful web services},
  author={Richardson, Leonard and Ruby, Sam},
  year={2008},
  publisher={" O'Reilly Media, Inc."}
}

@book{holovaty2009definitive,
  title={The definitive guide to Django: Web development done right},
  author={Holovaty, Adrian and Kaplan-Moss, Jacob},
  year={2009},
  publisher={Apress}
}

@inproceedings{schroff2015facenet,
  title={Facenet: A unified embedding for face recognition and clustering},
  author={Schroff, Florian and Kalenichenko, Dmitry and Philbin, James},
  booktitle={Proceedings of the IEEE conference on computer vision and pattern recognition},
  pages={815--823},
  year={2015}
}

@incollection{learned2016labeled,
  title={Labeled faces in the wild: A survey},
  author={Learned-Miller, Erik and Huang, Gary B and RoyChowdhury, Aruni and Li, Haoxiang and Hua, Gang},
  booktitle={Advances in face detection and facial image analysis},
  pages={189--248},
  year={2016},
  publisher={Springer}
}

@book{nedelcu2010nginx,
  title={Nginx HTTP Server: Adopt Nginx for Your Web Applications to Make the Most of Your Infrastructure and Serve Pages Faster Than Ever},
  author={Nedelcu, Cl{\'e}ment},
  year={2010},
  publisher={Packt Publishing Ltd}
}

@article{gunicorn2017http,
  title={HTTP server for UNIX},
  author={Gunicorn Python, WSGI},
  journal={URL: http://gunicorn. org},
  year={2017}
}

@misc{cvat2019,
	author = {OpenCV},
	title = {Computer Vision Annotation Tool (CVAT)},
	howpublished = "\url{https://github.com/opencv/cvat}",
	year = {2019}, 
	note = "last accessed December 2019"
}

@misc{tfod2019,
	author = {Tensorflow Team},
	title = {Tensorflow Object Detection API},
	howpublished = "\url{https://github.com/tensorflow/models/tree/master/research/object_detection}",
	year = {2019}, 
	note = "last accessed December 2019"
}

@article{Barrett2013,
 author = "David Barrett",
 title = "{One surveillance camera for every 11 people in Britain, says CCTV survey}",
 journal = "Daily Telegraph",
 month = "July 10,",
 year = "2013"
}