%%% ====================================================================
%%%  BibTeX-file{
%%%     author          = "Gerry Murray",
%%%     version         = "1.2",
%%%     date            = "2 April 2012",
%%%     filename        = "acmsmall-sample-bibfile.bib",
%%%     address         = "ACM, NY",
%%%     email           = "murray at hq.acm.org",
%%%     codetable       = "ISO/ASCII",
%%%     keywords        = "ACM Reference Format, bibliography, citation, references",
%%%     supported       = "yes",
%%%     docstring       = "This BibTeX database file contains 'bibdata' entries
%%%                        that 'match' the examples provided in the Specifications Document
%%%                        AND, also, 'legacy'-type bibs. It should assist authors in
%%%                        choosing the 'correct' at-bibtype and necessary bib-fields
%%%                        so as to obtain the appropriate ACM Reference Format output.
%%%                        It also contains many 'Standard Abbreviations'. "
%%%  }
%%% ====================================================================

% Journals

% First the Full Name is given, then the abbreviation used in the AMS Math
% Reviews, with an indication if it could not be found there.
% Note the 2nd overwrites the 1st, so swap them if you want the full name.

 %{AMS}
 @String{AMSTrans = "American Mathematical Society Translations" }
 @String{AMSTrans = "Amer. Math. Soc. Transl." }
 @String{BullAMS = "Bulletin of the American Mathematical Society" }
 @String{BullAMS = "Bull. Amer. Math. Soc." }
 @String{ProcAMS = "Proceedings of the American Mathematical Society" }
 @String{ProcAMS = "Proc. Amer. Math. Soc." }
 @String{TransAMS = "Transactions of the American Mathematical Society" }
 @String{TransAMS = "Trans. Amer. Math. Soc." }

 %ACM
 @String{CACM = "Communications of the {ACM}" }
 @String{CACM = "Commun. {ACM}" }
 @String{CompServ = "Comput. Surveys" }
 @String{JACM = "J. ACM" }
 @String{ACMMathSoft = "{ACM} Transactions on Mathematical Software" }
 @String{ACMMathSoft = "{ACM} Trans. Math. Software" }
 @String{SIGNUM = "{ACM} {SIGNUM} Newsletter" }
 @String{SIGNUM = "{ACM} {SIGNUM} Newslett." }

 @String{AmerSocio = "American Journal of Sociology" }
 @String{AmerStatAssoc = "Journal of the American Statistical Association" }
 @String{AmerStatAssoc = "J. Amer. Statist. Assoc." }
 @String{ApplMathComp = "Applied Mathematics and Computation" }
 @String{ApplMathComp = "Appl. Math. Comput." }
 @String{AmerMathMonthly = "American Mathematical Monthly" }
 @String{AmerMathMonthly = "Amer. Math. Monthly" }
 @String{BIT = "{BIT}" }
 @String{BritStatPsych = "British Journal of Mathematical and Statistical
          Psychology" }
 @String{BritStatPsych = "Brit. J. Math. Statist. Psych." }
 @String{CanMathBull = "Canadian Mathematical Bulletin" }
 @String{CanMathBull = "Canad. Math. Bull." }
 @String{CompApplMath = "Journal of Computational and Applied Mathematics" }
 @String{CompApplMath = "J. Comput. Appl. Math." }
 @String{CompPhys = "Journal of Computational Physics" }
 @String{CompPhys = "J. Comput. Phys." }
 @String{CompStruct = "Computers and Structures" }
 @String{CompStruct = "Comput. \& Structures" }
 @String{CompJour = "The Computer Journal" }
 @String{CompJour = "Comput. J." }
 @String{CompSysSci = "Journal of Computer and System Sciences" }
 @String{CompSysSci = "J. Comput. System Sci." }
 @String{Computing = "Computing" }
 @String{ContempMath = "Contemporary Mathematics" }
 @String{ContempMath = "Contemp. Math." }
 @String{Crelle = "Crelle's Journal" }
 @String{GiornaleMath = "Giornale di Mathematiche" }
 @String{GiornaleMath = "Giorn. Mat." } % didn't find in AMS MR., ibid.

 %IEEE
 @String{Computer = "{IEEE} Computer" }
 @String{IEEETransComp = "{IEEE} Transactions on Computers" }
 @String{IEEETransComp = "{IEEE} Trans. Comput." }
 @String{IEEETransAC = "{IEEE} Transactions on Automatic Control" }
 @String{IEEETransAC = "{IEEE} Trans. Automat. Control" }
 @String{IEEESpec = "{IEEE} Spectrum" } % didn't find in AMS MR
 @String{ProcIEEE = "Proceedings of the {IEEE}" }
 @String{ProcIEEE = "Proc. {IEEE}" } % didn't find in AMS MR
 @String{IEEETransAeroElec = "{IEEE} Transactions on Aerospace and Electronic
     Systems" }
 @String{IEEETransAeroElec = "{IEEE} Trans. Aerospace Electron. Systems" }

 @String{IMANumerAna = "{IMA} Journal of Numerical Analysis" }
 @String{IMANumerAna = "{IMA} J. Numer. Anal." }
 @String{InfProcLet = "Information Processing Letters" }
 @String{InfProcLet = "Inform. Process. Lett." }
 @String{InstMathApp = "Journal of the Institute of Mathematics and
     its Applications" }
 @String{InstMathApp = "J. Inst. Math. Appl." }
 @String{IntControl = "International Journal of Control" }
 @String{IntControl = "Internat. J. Control" }
 @String{IntNumerEng = "International Journal for Numerical Methods in
     Engineering" }
 @String{IntNumerEng = "Internat. J. Numer. Methods Engrg." }
 @String{IntSuper = "International Journal of Supercomputing Applications" }
 @String{IntSuper = "Internat. J. Supercomputing Applic." } % didn't find
%% in AMS MR
 @String{Kibernetika = "Kibernetika" }
 @String{JResNatBurStand = "Journal of Research of the National Bureau
     of Standards" }
 @String{JResNatBurStand = "J. Res. Nat. Bur. Standards" }
 @String{LinAlgApp = "Linear Algebra and its Applications" }
 @String{LinAlgApp = "Linear Algebra Appl." }
 @String{MathAnaAppl = "Journal of Mathematical Analysis and Applications" }
 @String{MathAnaAppl = "J. Math. Anal. Appl." }
 @String{MathAnnalen = "Mathematische Annalen" }
 @String{MathAnnalen = "Math. Ann." }
 @String{MathPhys = "Journal of Mathematical Physics" }
 @String{MathPhys = "J. Math. Phys." }
 @String{MathComp = "Mathematics of Computation" }
 @String{MathComp = "Math. Comp." }
 @String{MathScand = "Mathematica Scandinavica" }
 @String{MathScand = "Math. Scand." }
 @String{TablesAidsComp = "Mathematical Tables and Other Aids to Computation" }
 @String{TablesAidsComp = "Math. Tables Aids Comput." }
 @String{NumerMath = "Numerische Mathematik" }
 @String{NumerMath = "Numer. Math." }
 @String{PacificMath = "Pacific Journal of Mathematics" }
 @String{PacificMath = "Pacific J. Math." }
 @String{ParDistComp = "Journal of Parallel and Distributed Computing" }
 @String{ParDistComp = "J. Parallel and Distrib. Comput." } % didn't find
%% in AMS MR
 @String{ParComputing = "Parallel Computing" }
 @String{ParComputing = "Parallel Comput." }
 @String{PhilMag = "Philosophical Magazine" }
 @String{PhilMag = "Philos. Mag." }
 @String{ProcNAS = "Proceedings of the National Academy of Sciences
                    of the USA" }
 @String{ProcNAS = "Proc. Nat. Acad. Sci. U. S. A." }
 @String{Psychometrika = "Psychometrika" }
 @String{QuartMath = "Quarterly Journal of Mathematics, Oxford, Series (2)" }
 @String{QuartMath = "Quart. J. Math. Oxford Ser. (2)" }
 @String{QuartApplMath = "Quarterly of Applied Mathematics" }
 @String{QuartApplMath = "Quart. Appl. Math." }
 @String{RevueInstStat = "Review of the International Statisical Institute" }
 @String{RevueInstStat = "Rev. Inst. Internat. Statist." }

 %SIAM
 @String{JSIAM = "Journal of the Society for Industrial and Applied
     Mathematics" }
 @String{JSIAM = "J. Soc. Indust. Appl. Math." }
 @String{JSIAMB = "Journal of the Society for Industrial and Applied
     Mathematics, Series B, Numerical Analysis" }
 @String{JSIAMB = "J. Soc. Indust. Appl. Math. Ser. B Numer. Anal." }
 @String{SIAMAlgMeth = "{SIAM} Journal on Algebraic and Discrete Methods" }
 @String{SIAMAlgMeth = "{SIAM} J. Algebraic Discrete Methods" }
 @String{SIAMAppMath = "{SIAM} Journal on Applied Mathematics" }
 @String{SIAMAppMath = "{SIAM} J. Appl. Math." }
 @String{SIAMComp = "{SIAM} Journal on Computing" }
 @String{SIAMComp = "{SIAM} J. Comput." }
 @String{SIAMMatrix = "{SIAM} Journal on Matrix Analysis and Applications" }
 @String{SIAMMatrix = "{SIAM} J. Matrix Anal. Appl." }
 @String{SIAMNumAnal = "{SIAM} Journal on Numerical Analysis" }
 @String{SIAMNumAnal = "{SIAM} J. Numer. Anal." }
 @String{SIAMReview = "{SIAM} Review" }
 @String{SIAMReview = "{SIAM} Rev." }
 @String{SIAMSciStat = "{SIAM} Journal on Scientific and Statistical
     Computing" }
 @String{SIAMSciStat = "{SIAM} J. Sci. Statist. Comput." }

 @String{SoftPracExp = "Software Practice and Experience" }
 @String{SoftPracExp = "Software Prac. Experience" } % didn't find in AMS MR
 @String{StatScience = "Statistical Science" }
 @String{StatScience = "Statist. Sci." }
 @String{Techno = "Technometrics" }
 @String{USSRCompMathPhys = "{USSR} Computational Mathematics and Mathematical
     Physics" }
 @String{USSRCompMathPhys = "{U. S. S. R.} Comput. Math. and Math. Phys." }
 @String{VLSICompSys = "Journal of {VLSI} and Computer Systems" }
 @String{VLSICompSys = "J. {VLSI} Comput. Syst." }
 @String{ZAngewMathMech = "Zeitschrift fur Angewandte Mathematik und
     Mechanik" }
 @String{ZAngewMathMech = "Z. Angew. Math. Mech." }
 @String{ZAngewMathPhys = "Zeitschrift fur Angewandte Mathematik und Physik" }
 @String{ZAngewMathPhys = "Z. Angew. Math. Phys." }

% Publishers % ================================================= |

 @String{Academic = "Academic Press" }
 @String{ACMPress = "{ACM} Press" }
 @String{AdamHilger = "Adam Hilger" }
 @String{AddisonWesley = "Addison-Wesley" }
 @String{AllynBacon = "Allyn and Bacon" }
 @String{AMS = "American Mathematical Society" }
 @String{Birkhauser = "Birkha{\"u}ser" }
 @String{CambridgePress = "Cambridge University Press" }
 @String{Chelsea = "Chelsea" }
 @String{ClaredonPress = "Claredon Press" }
 @String{DoverPub = "Dover Publications" }
 @String{Eyolles = "Eyolles" }
 @String{HoltRinehartWinston = "Holt, Rinehart and Winston" }
 @String{Interscience = "Interscience" }
 @String{JohnsHopkinsPress = "The Johns Hopkins University Press" }
 @String{JohnWileySons = "John Wiley and Sons" }
 @String{Macmillan = "Macmillan" }
 @String{MathWorks = "The Math Works Inc." }
 @String{McGrawHill = "McGraw-Hill" }
 @String{NatBurStd = "National Bureau of Standards" }
 @String{NorthHolland = "North-Holland" }
 @String{OxfordPress = "Oxford University Press" }  %address Oxford or London?
 @String{PergamonPress = "Pergamon Press" }
 @String{PlenumPress = "Plenum Press" }
 @String{PrenticeHall = "Prentice-Hall" }
 @String{SIAMPub = "{SIAM} Publications" }
 @String{Springer = "Springer-Verlag" }
 @String{TexasPress = "University of Texas Press" }
 @String{VanNostrand = "Van Nostrand" }
 @String{WHFreeman = "W. H. Freeman and Co." }


@article{Contreras2018,
 title = "{A Network Service Provider Perspective on Network Slicing}",
 author = "Luis M. Contreras and Diego R. Lopez",
 journal = "{IEEE Softwarization}", 
 month = "January",
 year = "2018",
 note = "\url{https://sdn.ieee.org/newsletter/january-2018/a-network-service-provider-perspective-on-network-slicing}"
}

@inproceedings{hindman2011mesos,
  title={Mesos: A platform for fine-grained resource sharing in the data center.},
  author={Hindman, Benjamin and Konwinski, Andy and Zaharia, Matei and Ghodsi, Ali and Joseph, Anthony D and Katz, Randy H and Shenker, Scott and Stoica, Ion},
  booktitle={NSDI},
  volume={11},
  number={2011},
  pages={22--22},
  year={2011}
}

@inproceedings{zaharia2010delay,
  title={Delay scheduling: a simple technique for achieving locality and fairness in cluster scheduling},
  author={Zaharia, Matei and Borthakur, Dhruba and Sen Sarma, Joydeep and Elmeleegy, Khaled and Shenker, Scott and Stoica, Ion},
  booktitle={Proceedings of the 5th European conference on Computer systems},
  pages={265--278},
  year={2010},
  organization={ACM}
}

@inproceedings{isard2009quincy,
  title={Quincy: fair scheduling for distributed computing clusters},
  author={Isard, Michael and Prabhakaran, Vijayan and Currey, Jon and Wieder, Udi and Talwar, Kunal and Goldberg, Andrew},
  booktitle={Proceedings of the ACM SIGOPS 22nd symposium on Operating systems principles},
  pages={261--276},
  year={2009},
  organization={ACM}
}

@inproceedings{ferguson2012jockey,
  title={Jockey: guaranteed job latency in data parallel clusters},
  author={Ferguson, Andrew D and Bodik, Peter and Kandula, Srikanth and Boutin, Eric and Fonseca, Rodrigo},
  booktitle={Proceedings of the 7th ACM european conference on Computer Systems},
  pages={99--112},
  year={2012},
  organization={ACM}
}

@inproceedings{boutin2014apollo,
  title={Apollo: scalable and coordinated scheduling for cloud-scale computing},
  author={Boutin, Eric and Ekanayake, Jaliya and Lin, Wei and Shi, Bing and Zhou, Jingren and Qian, Zhengping and Wu, Ming and Zhou, Lidong},
  booktitle={11th $\{$USENIX$\}$ Symposium on Operating Systems Design and Implementation ($\{$OSDI$\}$ 14)},
  pages={285--300},
  year={2014}
}

@book{pinedo2012scheduling,
  title={Scheduling},
  author={Pinedo, Michael},
  year={2012},
  publisher={Springer}
}

@article{garey1976complexity,
  title={The complexity of flowshop and jobshop scheduling},
  author={Garey, Michael R and Johnson, David S and Sethi, Ravi},
  journal={Mathematics of operations research},
  volume={1},
  number={2},
  pages={117--129},
  year={1976},
  publisher={INFORMS}
}

@inproceedings{ghodsi2011dominant,
  title={Dominant Resource Fairness: Fair Allocation of Multiple Resource Types.},
  author={Ghodsi, Ali and Zaharia, Matei and Hindman, Benjamin and Konwinski, Andy and Shenker, Scott and Stoica, Ion},
  booktitle={Nsdi},
  volume={11},
  number={2011},
  pages={24--24},
  year={2011}
}


@article{satyanarayanan2009case,
  title={The case for vm-based cloudlets in mobile computing},
  author={Satyanarayanan, Mahadev and Bahl, Paramvir and Caceres, Ram{\'o}n and Davies, Nigel},
  journal={IEEE pervasive Computing},
  number={4},
  pages={14--23},
  year={2009},
  publisher={IEEE}
}

@inproceedings{jiang2012tackling,
  title={Tackling bufferbloat in 3G/4G networks},
  author={Jiang, Haiqing and Wang, Yaogong and Lee, Kyunghan and Rhee, Injong},
  booktitle={Proceedings of the 2012 Internet Measurement Conference},
  pages={329--342},
  year={2012},
  organization={ACM}
}

@inproceedings{winstein2013stochastic,
  title={Stochastic forecasts achieve high throughput and low delay over cellular networks},
  author={Winstein, Keith and Sivaraman, Anirudh and Balakrishnan, Hari},
  booktitle={Presented as part of the 10th $\{$USENIX$\}$ Symposium on Networked Systems Design and Implementation ($\{$NSDI$\}$ 13)},
  pages={459--471},
  year={2013}
}

@article{larmo2009lte,
  title={The LTE link-layer design},
  author={Larmo, Anna and Lindstr{\"o}m, Magnus and Meyer, Michael and Pelletier, Ghyslain and Torsner, Johan and Wiemann, Henning},
  journal={IEEE Communications magazine},
  volume={47},
  number={4},
  pages={52--59},
  year={2009},
  publisher={IEEE}
}

@phdthesis{chen2018,
  title={An Application Platform for Wearable Cognitive Assistance},
  author={Chen, Zhuo},
  year={2018},
  school={Carnegie Mellon University}
}

@inproceedings{Chen2017,
 title = "{An Empirical Study of Latency in an Emerging Class of Edge Computing Applications for Wearable Cognitive Assistance}",
 author = "Zhuo Chen and Wenlu Hu and Junjue Wang and Siyan Zhao and Brandon Amos and Guanhang Wu and Kiryong Ha and Khalid Elgazzar and  Padmanabhan Pillai and Roberta Klatzky and  Dan Siewiorek and Mahadev Satyanarayanan",
 booktitle = "{Proceedings of the Second ACM/IEEE Symposium on Edge Computing}", 
 address = "{Fremont, CA}", 
 month = "October",
 year = "2017"
}


@inproceedings{davies1998,
  title={Developing a context sensitive tourist guide},
  author={Davies, Nigel and Mitchell, Keith and Cheverst, Keith and Blair, Gordon},
  booktitle={1st Workshop on Human Computer Interaction with Mobile Devices, GIST Technical Report G98-1},
  volume={1},
  year={1998}
}

@article{petersen2015cognitive,
  title={Cognitive augmented reality},
  author={Petersen, Nils and Stricker, Didier},
  journal={Computers \& Graphics},
  volume={53},
  pages={82--91},
  year={2015},
  publisher={Elsevier}
}

@article{mura2013ibes,
  title={IBES: a tool for creating instructions based on event segmentation},
  author={Mura, Katharina and Petersen, Nils and Huff, Markus and Ghose, Tandra},
  journal={Frontiers in psychology},
  volume={4},
  pages={994},
  year={2013},
  publisher={Frontiers}
}

@inproceedings{ren2015faster,
  title={Faster r-cnn: Towards real-time object detection with region proposal networks},
  author={Ren, Shaoqing and He, Kaiming and Girshick, Ross and Sun, Jian},
  booktitle={Advances in neural information processing systems},
  pages={91--99},
  year={2015}
}

@INPROCEEDINGS{8237584, 
author={K. He and G. Gkioxari and P. Dollár and R. Girshick}, 
booktitle={2017 IEEE International Conference on Computer Vision (ICCV)}, 
title={Mask R-CNN}, 
year={2017}, 
volume={}, 
number={}, 
pages={2980-2988}, 
keywords={feature extraction;image segmentation;object detection;pose estimation;conceptually simple framework;bounding-box object detection;object mask;Faster R-CNN;called Mask R-CNN;high-quality segmentation mask;object instance segmentation;Feature extraction;Image segmentation;Object detection;Semantics;Quantization (signal);Robustness}, 
doi={10.1109/ICCV.2017.322}, 
ISSN={2380-7504}, 
month={Oct}
}

@inproceedings{Ha2014,
  title = "{Towards Wearable Cognitive Assistance}",
  author = "Kiryong Ha and Zhuo Chen and Wenlu Hu and Wolfgang Richter and Padmanabhan Pillai  and Mahadev Satyanarayanan",
  booktitle = "{Proceedings of ACM MobiSys}",
  year = "2014"
}


@inproceedings{chen2015early,
	title={Early implementation experience with wearable cognitive assistance applications},
	author={Chen, Zhuo and Jiang, Lu and Hu, Wenlu and Ha, Kiryong and Amos, Brandon and Pillai, Padmanabhan and Hauptmann, Alex and Satyanarayanan, Mahadev},
	booktitle={Proceedings of the 2015 workshop on Wearable Systems and Applications},
	pages={33--38},
	year={2015},
	organization={ACM}
}

@misc{flattirechange,
	author = {Nicole Spector},
	title = {{60 Percent of People Can't Change a Flat Tire - But Most Can Google It}},
	howpublished = "\url{https://www.nbcnews.com/business/consumer/draft-60-percent-people-can-t-change-flat-tire-most-n655501}",
	year = {2016}, 
	note = "[Online; accessed 19-November-2018]"
}

@misc{unity2018,
	author = {Unity Technologies},
	title = {Imagine, build and succeed with Unity},
	howpublished = "\url{https://unity3d.com/}",
	year = {2018}, 
	note = "last accessed November 2018"
}

@misc{unreal2018,
	author = {Epic Games},
	title = {Unreal Engine 4},
	howpublished = "\url{https://www.unrealengine.com/en-US/what-is-unreal-engine-4}",
	year = {2018}, 
	note = "last accessed November 2018"
}

@article{Doffman2018,
        author = "Zak Doffman",
        title = "{Battlefield 2.0: How Edge Artificial Intelligence is Pitting Man Against Machine}",
        journal = "{Forbes}",
        year = "2018",
        month = "November"
}

@article{Ray2018,
        author = "Tiernan Ray",
        title = "{An Angel on Your Shoulder: Who Will Build A.I.?}",
        journal = "{Barron's}",
        year = "2018",
        month = "February"
}

@misc{Oakley2018,
      author = "John Oakley",
      title = "{Intelligent Cognitive Assistants (ICA) Workshop Summary and Research Needs}",
      year = "2018",
      month = "February",
      howpublished = "\url{https://www.nsf.gov/crssprgm/nano/reports/ICA2_Workshop_Report_2018.pdf}"
}

@misc{Stokes2018,
  author = "Sherry Stokes",
  title = "{New Center Headquartered at Carnegie Mellon Will Build Smarter Networks To Connect Edge Devices to the Cloud}",
  howpublished = "\url{https://www.cmu.edu/news/stories/archives/2018/january/conix-research-center.html}",
  year = "2018",
  month = "January"
}

@misc{Gabriel2018,
  title = "{Gabriel: Platform for Wearable Cognitive Assistance Applications}",
  howpublished = "\url{https://github.com/cmusatyalab/gabriel}",
  year = "2018"
}

@inproceedings{cooking,
author = {Walter, Kirstin and Minor, Mirjam and Bergmann, Ralph},
year = {2011},
month = {01},
pages = {207-216},
title = {Workflow Extraction from Cooking Recipes}
}

@inproceedings{Kim,
 author = {Kim, Juho and Nguyen, Phu Tran and Weir, Sarah and Guo, Philip J. and Miller, Robert C. and Gajos, Krzysztof Z.},
 title = {Crowdsourcing Step-by-step Information Extraction to Enhance Existing How-to Videos},
 booktitle = {Proceedings of the 32Nd Annual ACM Conference on Human Factors in Computing Systems},
 series = {CHI '14},
 year = {2014},
 isbn = {978-1-4503-2473-1},
 location = {Toronto, Ontario, Canada},
 pages = {4017--4026},
 numpages = {10},
 url = {http://doi.acm.org/10.1145/2556288.2556986},
 doi = {10.1145/2556288.2556986},
 acmid = {2556986},
 publisher = {ACM},
 address = {New York, NY, USA},
 keywords = {crowdsourcing, how-to videos, video annotation.},
} 

@INPROCEEDINGS{6130482, 
author={F. Nater and H. Grabner and L. Van Gool}, 
booktitle={2011 IEEE International Conference on Computer Vision Workshops (ICCV Workshops)}, 
title={Unsupervised workflow discovery in industrial environments}, 
year={2011}, 
volume={}, 
number={}, 
pages={1912-1919}, 
keywords={assembling;automobile manufacture;object detection;object tracking;production engineering computing;unsupervised workflow discovery;industrial environment;automatic workflow discovery;cluttered scene;object detection;object tracking;data-driven method;temporal structure;car assembly line;workflow extraction;human annotation;image stream analysis;Laboratories;Image segmentation}, 
doi={10.1109/ICCVW.2011.6130482}, 
ISSN={}, 
month={Nov},}

@article{bertasius2016first,
	title={First person action-object detection with egonet},
	author={Bertasius, Gedas and Park, Hyun Soo and Yu, Stella X and Shi, Jianbo},
	journal={arXiv preprint arXiv:1603.04908},
	year={2016}
}

@article{redmon2018yolov3,
	title={Yolov3: An incremental improvement},
	author={Redmon, Joseph and Farhadi, Ali},
	journal={arXiv preprint arXiv:1804.02767},
	year={2018}
}

@inproceedings{danelljan2014accurate,
  title={Accurate scale estimation for robust visual tracking},
  author={Danelljan, Martin and H{\"a}ger, Gustav and Khan, Fahad and Felsberg, Michael},
  booktitle={British Machine Vision Conference, Nottingham, September 1-5, 2014},
  year={2014},
  organization={BMVA Press}
}

@Article{Everingham15, 
   author = "Everingham, M. and Eslami, S. M. A. and Van~Gool, L. and Williams, C. K. I. and Winn, J. and Zisserman, A.", 
   title = "The Pascal Visual Object Classes Challenge: A Retrospective", 
   journal = "International Journal of Computer Vision", 
   volume = "111", 
   year = "2015", 
   number = "1", 
   month = jan, 
   pages = "98--136", 
} 

@inproceedings{yeung1995video,
	title={Video browsing using clustering and scene transitions on compressed sequences},
	author={Yeung, Minerva M and Yeo, Boon-Lock and Wolf, Wayne H and Liu, Bede},
	booktitle={Multimedia Computing and Networking 1995},
	volume={2417},
	pages={399--414},
	year={1995},
	organization={International Society for Optics and Photonics}
}

@article{Satya2004,
 author = "Mahadev Satyanarayanan",
 title = "{Augmenting Cognition}",
 journal = "{IEEE Pervasive Computing}",
 volume = "3",
 number = "2",
 month = "{April-June}",
 year = "2004"
}

@inproceedings{Flinn1999,
 author = "Jason Flinn and Mahadev Satyanarayanan",
 title = "{Energy-aware Adaptation for Mobile Applications}",
 booktitle = "{Proceedings of the Seventeenth ACM Symposium on Operating systems Principles}",
 year = "1999",
 address = "{Charleston, SC}"
}

@inproceedings{Noble1997,
  author = "Noble, Brian D. and Satyanarayanan, M. and Narayanan, Dushyanth and Tilton, J. Eric and Flinn, Jason and Walker, Kevin R.",
  title = "{Agile Application-Aware Adaptation for Mobility}",
  booktitle =  "{Proceedings of the 16th ACM Symposium on Operating Systems Principles}",
  address = "{Saint-Malo, France}",
  month   = "October",
  year = "1997"
}

@inproceedings{Satya1999,
 author = "Mahadev Satyanarayanan and Dushyanth Narayanan",
 title = "{Multi-Fidelity Algorithms for Interactive Mobile Applications}",
 booktitle = "{Proceedings of the 3rd International Workshop on Discrete Algorithms and Methods for Mobile Computing and Communications (DialM)}",
 year = "1999",
 month = "August",
 address = "{Seattle, WA}"
}

@inproceedings{Narayanan2003,
 author = "Dushyanth Narayanan and Mahadev Satyanarayanan",
 title = "{Predictive Resource Management for Wearable Computing}",
 booktitle = "{Proceedings of the 1st International Conference on Mobile Systems, Applications and Services}", 
 address = "{San Francisco, CA}",
 month = "May",
 year = "2003"
}

@inproceedings{Hu2015,
 author = "Wenlu Hu and Brandon Amos and Zhuo Chen and Kiryong Ha and  Wolfgang Richter and Padmanabhan Pillai and Benjamin Gilbert and Jan Harkes and Mahadev Satyanarayanan",
 title = "{The Case for Offload Shaping}",
 booktitle = "{Proceedings of HotMobile 2015}", 
 address = "{Santa Fe, NM}", 
 month = "February",
 year =  "2015"
}

@inproceedings{zaharia2013discretized,
  title={Discretized streams: Fault-tolerant streaming computation at scale},
  author={Zaharia, Matei and Das, Tathagata and Li, Haoyuan and Hunter, Timothy and Shenker, Scott and Stoica, Ion},
  booktitle={Proceedings of the twenty-fourth ACM symposium on operating systems principles},
  pages={423--438},
  year={2013},
  organization={ACM}
}

@inproceedings{lin2016streamscope,
  title={Streamscope: continuous reliable distributed processing of big data streams},
  author={Lin, Wei and Qian, Zhengping and Xu, Junwei and Yang, Sen and Zhou, Jingren and Zhou, Lidong},
  booktitle={13th $\{$USENIX$\}$ Symposium on Networked Systems Design and Implementation ($\{$NSDI$\}$ 16)},
  pages={439--453},
  year={2016}
}

@article{chandramouli2014trill,
  title={Trill: A high-performance incremental query processor for diverse analytics},
  author={Chandramouli, Badrish and Goldstein, Jonathan and Barnett, Mike and DeLine, Robert and Fisher, Danyel and Platt, John C and Terwilliger, James F and Wernsing, John},
  journal={Proceedings of the VLDB Endowment},
  volume={8},
  number={4},
  pages={401--412},
  year={2014},
  publisher={VLDB Endowment}
}

@inproceedings{zhang2017live,
  title={Live video analytics at scale with approximation and delay-tolerance},
  author={Zhang, Haoyu and Ananthanarayanan, Ganesh and Bodik, Peter and Philipose, Matthai and Bahl, Paramvir and Freedman, Michael J},
  booktitle={14th $\{$USENIX$\}$ Symposium on Networked Systems Design and Implementation ($\{$NSDI$\}$ 17)},
  pages={377--392},
  year={2017}
}

@inproceedings{hung2018videoedge,
  title={Videoedge: Processing camera streams using hierarchical clusters},
  author={Hung, Chien-Chun and Ananthanarayanan, Ganesh and Bodik, Peter and Golubchik, Leana and Yu, Minlan and Bahl, Paramvir and Philipose, Matthai},
  booktitle={2018 IEEE/ACM Symposium on Edge Computing (SEC)},
  pages={115--131},
  year={2018},
  organization={IEEE}
}

@inproceedings{han2016mcdnn,
  title={Mcdnn: An approximation-based execution framework for deep stream processing under resource constraints},
  author={Han, Seungyeop and Shen, Haichen and Philipose, Matthai and Agarwal, Sharad and Wolman, Alec and Krishnamurthy, Arvind},
  booktitle={Proceedings of the 14th Annual International Conference on Mobile Systems, Applications, and Services},
  pages={123--136},
  year={2016},
  organization={ACM}
}

@inproceedings{jiang2018chameleon,
  title={Chameleon: scalable adaptation of video analytics},
  author={Jiang, Junchen and Ananthanarayanan, Ganesh and Bodik, Peter and Sen, Siddhartha and Stoica, Ion},
  booktitle={Proceedings of the 2018 Conference of the ACM Special Interest Group on Data Communication},
  pages={253--266},
  year={2018},
  organization={ACM}
}

@inproceedings{lorincz2009mercury,
  title={Mercury: a wearable sensor network platform for high-fidelity motion analysis.},
  author={Lorincz, Konrad and Chen, Bor-rong and Challen, Geoffrey Werner and Chowdhury, Atanu Roy and Patel, Shyamal and Bonato, Paolo and Welsh, Matt and others},
  booktitle={SenSys},
  volume={9},
  pages={183--196},
  year={2009}
}

@inproceedings{lorincz2008resource,
  title={Resource aware programming in the pixie os},
  author={Lorincz, Konrad and Chen, Bor-rong and Waterman, Jason and Werner-Allen, Geoff and Welsh, Matt},
  booktitle={Proceedings of the 6th ACM conference on Embedded network sensor systems},
  pages={211--224},
  year={2008},
  organization={ACM}
}

@article{vallina2012energy,
  title={Energy management techniques in modern mobile handsets},
  author={Vallina-Rodriguez, Narseo and Crowcroft, Jon},
  journal={IEEE Communications Surveys \& Tutorials},
  volume={15},
  number={1},
  pages={179--198},
  year={2012},
  publisher={IEEE}
}

@article{lane2010survey,
  title={A survey of mobile phone sensing},
  author={Lane, Nicholas D and Miluzzo, Emiliano and Lu, Hong and Peebles, Daniel and Choudhury, Tanzeem and Campbell, Andrew T},
  journal={IEEE Communications magazine},
  volume={48},
  number={9},
  pages={140--150},
  year={2010},
  publisher={IEEE}
}

@article{kang2017noscope,
  title={Noscope: optimizing neural network queries over video at scale},
  author={Kang, Daniel and Emmons, John and Abuzaid, Firas and Bailis, Peter and Zaharia, Matei},
  journal={Proceedings of the VLDB Endowment},
  volume={10},
  number={11},
  pages={1586--1597},
  year={2017},
  publisher={VLDB Endowment}
}

@inproceedings{hsieh2018focus,
  title={Focus: Querying large video datasets with low latency and low cost},
  author={Hsieh, Kevin and Ananthanarayanan, Ganesh and Bodik, Peter and Venkataraman, Shivaram and Bahl, Paramvir and Philipose, Matthai and Gibbons, Phillip B and Mutlu, Onur},
  booktitle={13th $\{$USENIX$\}$ Symposium on Operating Systems Design and Implementation ($\{$OSDI$\}$ 18)},
  pages={269--286},
  year={2018}
}

@inproceedings{zhang2015design,
  title={The design and implementation of a wireless video surveillance system},
  author={Zhang, Tan and Chowdhery, Aakanksha and Bahl, Paramvir Victor and Jamieson, Kyle and Banerjee, Suman},
  booktitle={Proceedings of the 21st Annual International Conference on Mobile Computing and Networking},
  pages={426--438},
  year={2015},
  organization={ACM}
}

@article{lebeckcollaborative,
  title={Collaborative Acceleration for Mixed Reality},
  author={Lebeck, Kiron and Cuervo, Eduardo and Philipose, Matthai}
}

@inproceedings{naderiparizi2017glimpse,
  title={Glimpse: A programmable early-discard camera architecture for continuous mobile vision},
  author={Naderiparizi, Saman and Zhang, Pengyu and Philipose, Matthai and Priyantha, Bodhi and Liu, Jie and Ganesan, Deepak},
  booktitle={Proceedings of the 15th Annual International Conference on Mobile Systems, Applications, and Services},
  pages={292--305},
  year={2017},
  organization={ACM}
}

@inproceedings{jain2015overlay,
  title={Overlay: Practical mobile augmented reality},
  author={Jain, Puneet and Manweiler, Justin and Roy Choudhury, Romit},
  booktitle={Proceedings of the 13th Annual International Conference on Mobile Systems, Applications, and Services},
  pages={331--344},
  year={2015},
  organization={ACM}
}

@inproceedings{sembiring2013dynamic,
  title={Dynamic resource allocation for cloud-based media processing},
  author={Sembiring, Krisantus and Beyer, Andreas},
  booktitle={Proceeding of the 23rd ACM Workshop on Network and Operating Systems Support for Digital Audio and Video},
  pages={49--54},
  year={2013},
  organization={ACM}
}

@inproceedings{kaseb2015cloud,
  title={Cloud resource management for image and video analysis of big data from network cameras},
  author={Kaseb, Ahmed S and Mohan, Anup and Lu, Yung-Hsiang},
  booktitle={2015 International Conference on Cloud Computing and Big Data (CCBD)},
  pages={287--294},
  year={2015},
  organization={IEEE}
}

@inproceedings{hossain2012resource,
  title={Resource allocation for service composition in cloud-based video surveillance platform},
  author={Hossain, M Shamim and Hassan, M Mehedi and Al Qurishi, Muhammad and Alghamdi, Abdullah},
  booktitle={2012 IEEE international conference on multimedia and expo workshops},
  pages={408--412},
  year={2012},
  organization={IEEE}
}

@inproceedings{de2013resource,
  title={A resource allocation controller for cloud-based adaptive video streaming},
  author={De Cicco, Luca and Mascolo, Saverio and Calamita, Dario},
  booktitle={2013 IEEE International Conference on Communications Workshops (ICC)},
  pages={723--727},
  year={2013},
  organization={IEEE}
}

@inproceedings{fu2015drs,
  title={DRS: dynamic resource scheduling for real-time analytics over fast streams},
  author={Fu, Tom ZJ and Ding, Jianbing and Ma, Richard TB and Winslett, Marianne and Yang, Yin and Zhang, Zhenjie},
  booktitle={2015 IEEE 35th International Conference on Distributed Computing Systems},
  pages={411--420},
  year={2015},
  organization={IEEE}
}

@inproceedings{cuervo2010maui,
  title={MAUI: making smartphones last longer with code offload},
  author={Cuervo, Eduardo and Balasubramanian, Aruna and Cho, Dae-ki and Wolman, Alec and Saroiu, Stefan and Chandra, Ranveer and Bahl, Paramvir},
  booktitle={Proceedings of the 8th international conference on Mobile systems, applications, and services},
  pages={49--62},
  year={2010},
  organization={ACM}
}

@inproceedings{ra2011odessa,
  title={Odessa: enabling interactive perception applications on mobile devices},
  author={Ra, Moo-Ryong and Sheth, Anmol and Mummert, Lily and Pillai, Padmanabhan and Wetherall, David and Govindan, Ramesh},
  booktitle={Proceedings of the 9th international conference on Mobile systems, applications, and services},
  pages={43--56},
  year={2011},
  organization={ACM}
}

@inproceedings{chen2015glimpse,
  title={Glimpse: Continuous, real-time object recognition on mobile devices},
  author={Chen, Tiffany Yu-Han and Ravindranath, Lenin and Deng, Shuo and Bahl, Paramvir and Balakrishnan, Hari},
  booktitle={Proceedings of the 13th ACM Conference on Embedded Networked Sensor Systems},
  pages={155--168},
  year={2015},
  organization={ACM}
}

@inproceedings{newton2009wishbone,
  title={Wishbone: Profile-based Partitioning for Sensornet Applications.},
  author={Newton, Ryan and Toledo, Sivan and Girod, Lewis and Balakrishnan, Hari and Madden, Samuel},
  booktitle={NSDI},
  volume={9},
  pages={395--408},
  year={2009}
}

@inproceedings{yi2017lavea,
  title={Lavea: Latency-aware video analytics on edge computing platform},
  author={Yi, Shanhe and Hao, Zijiang and Zhang, Qingyang and Zhang, Quan and Shi, Weisong and Li, Qun},
  booktitle={Proceedings of the Second ACM/IEEE Symposium on Edge Computing},
  pages={15},
  year={2017},
  organization={ACM}
}

@inproceedings{balan2003tactics,
  title={Tactics-based remote execution for mobile computing},
  author={Balan, Rajesh Krishna and Satyanarayanan, Mahadev and Park, So Young and Okoshi, Tadashi},
  booktitle={Proceedings of the 1st international conference on Mobile systems, applications and services},
  pages={273--286},
  year={2003},
  organization={ACM}
}
